symbol,timestamp,price,volume
AAPL,1726833778890,227.795,1.0
AAPL,1726833785452,227.8,2.0
AAPL,1726833791737,227.82,1.0
AAPL,1726833794628,227.74,10.0
AAPL,1726833795476,227.76,50.0
AAPL,1726833795501,227.8,1.0
AAPL,1726833795885,227.839,2.0
AAPL,1726833796360,227.839,20.0
AAPL,1726833799136,227.795,1.0
AAPL,1726833804198,227.8,1.0
AAPL,1726833805630,227.8,1.0
AAPL,1726833806130,227.82,1.0
AAPL,1726833808310,227.8,2.0
AAPL,1726833808443,227.8,1.0
AAPL,1726833812935,227.8,100.0
AAPL,1726833813367,227.8,1.0
AAPL,1726833824936,227.8,1.0
AAPL,1726833825200,227.8,1.0
AAPL,1726833825698,227.82,74.0
AAPL,1726833826677,227.8,1.0
AAPL,1726833827962,227.8,1.0
AAPL,1726833828896,227.8,1.0
AAPL,1726833831715,227.8,1.0
AAPL,1726833835288,227.825,1.0
AAPL,1726833835813,227.8017,10.0
AAPL,1726833836405,227.8483,2.0
AAPL,1726833838890,227.81,10.0
AAPL,1726833839094,227.81,90.0
AAPL,1726833851000,227.825,1.0
AAPL,1726833851395,227.84,1.0
AAPL,1726833851824,227.825,1.0
AAPL,1726833854687,227.8,20.0
AAPL,1726833857740,227.84,5.0
AAPL,1726833859821,227.8,1000.0
AAPL,1726833860308,227.825,1.0
AAPL,1726833860636,227.81,70.0
AAPL,1726833863344,227.8,5.0
AAPL,1726833863742,227.8,32.0
AAPL,1726833868007,227.8,34.0
AAPL,1726833868017,227.85,2.0
AAPL,1726833868148,227.825,1.0
AAPL,1726833869677,227.8,30.0
AAPL,1726833879600,227.84,4.0
AAPL,1726833880718,227.85,4.0
AAPL,1726833885362,227.83,1.0
AAPL,1726833886686,227.815,2.0
AAPL,1726833892210,227.85,23.0
AAPL,1726833894463,227.83,99.0
AAPL,1726833900137,227.845,3.0
AAPL,1726833907150,227.89,250.0
AAPL,1726833907163,227.9017,1.0
AAPL,1726833907170,227.9,50.0
AAPL,1726833907172,227.91,5.0
AAPL,1726833907255,227.91,13.0
AAPL,1726833908241,227.92,10.0
AAPL,1726833908961,227.92,50.0
AAPL,1726833911174,227.95,115.0
AAPL,1726833911336,227.95,26.0
AAPL,1726833911337,227.97,149.0
AAPL,1726833912079,227.96,50.0
AAPL,1726833912080,227.98,500.0
AAPL,1726833912081,227.98,16.0
AAPL,1726833914040,228.0,60.0
AAPL,1726833914360,227.96,25.0
AAPL,1726833915631,227.99,50.0
AAPL,1726833917647,227.91,50.0
AAPL,1726833923277,227.9,4.0
AAPL,1726833923434,227.875,1.0
AAPL,1726833924313,227.91,1.0
AAPL,1726833924499,227.98,250.0
AAPL,1726833924500,228.07,100.0
AAPL,1726833924501,228.05,3.0
AAPL,1726833924553,228.01,1.0
AAPL,1726833925039,228.04,100.0
AAPL,1726833928681,228.03,1.0
AAPL,1726833933248,228.05,1.0
AAPL,1726833938530,228.05,2.0
AAPL,1726833939733,228.02,100.0
AAPL,1726833941192,228.04,3.0
AAPL,1726833941314,228.05,2.0
AAPL,1726833942269,228.04,1.0
AAPL,1726833948505,228.04,10.0
AAPL,1726833949705,228.04,136.0
AAPL,1726833949859,228.04,150.0
AAPL,1726833952340,228.04,100.0
AAPL,1726833952341,228.07,100.0
AAPL,1726833952349,228.07,5.0
AAPL,1726833958646,228.0896,100.0
AAPL,1726833959993,228.07,8.0
AAPL,1726833960393,228.05,15.0
AAPL,1726833961448,227.99,1.0
AAPL,1726833961961,228.05,2.0
AAPL,1726833962051,228.05,1.0
AAPL,1726833962934,227.99,1.0
AAPL,1726833963030,228.04,10.0
AAPL,1726833963031,228.03,20.0
AAPL,1726833964796,227.95,1.0
AAPL,1726833966521,228.02,3.0
AAPL,1726833968840,227.95,50.0
AAPL,1726833973367,227.81,50.0
AAPL,1726833974697,227.95,1.0
AAPL,1726833977421,227.8,2.0
AAPL,1726833977974,227.8,1.0
AAPL,1726833987794,227.95,1.0
AAPL,1726833989906,227.95,1.0
AAPL,1726833991578,227.95,1.0
AAPL,1726833992676,227.92,250.0
AAPL,1726833993798,227.95,100.0
AAPL,1726833994806,228.1,220.0
AAPL,1726833994807,228.05,23.0
AAPL,1726833995436,228.09,4.0
AAPL,1726833997199,228.0762,5.0
AAPL,1726833999746,228.1,1.0
AAPL,1726834010695,228.05,1.0
AAPL,1726834016456,228.05,6.0
AAPL,1726834017384,228.0,6.0
AAPL,1726834017937,228.01,100.0
AAPL,1726834018209,228.01,14.0
AAPL,1726834020619,228.05,3.0
AAPL,1726834024396,228.09,50.0
AAPL,1726834024397,228.07,21.0
AAPL,1726834026426,228.09,8.0
AAPL,1726834027819,228.1,11.0
AAPL,1726834027820,228.1,200.0
AAPL,1726834027977,228.1,50.0
AAPL,1726834029203,228.05,1.0
AAPL,1726834035820,228.05,1.0
AAPL,1726834036481,228.0,10.0
AAPL,1726834037220,228.0933,3.0
AAPL,1726834038986,228.0,100.0
AAPL,1726834042848,228.098,10.0
AAPL,1726834043078,228.005,10.0
AAPL,1726834044843,228.01,200.0
AAPL,1726834045993,228.1,1.0
AAPL,1726834046413,228.0998,100.0
AAPL,1726834052582,228.08,1.0
AAPL,1726834057526,228.055,1.0
AAPL,1726834057538,228.01,1.0
AAPL,1726834057921,228.09,5.0
AAPL,1726834058106,228.09,2.0
AAPL,1726834058107,228.1,3.0
AAPL,1726834059031,228.03,2.0
AAPL,1726834059483,228.1,18.0
AAPL,1726834061504,228.055,1.0
AAPL,1726834061862,228.1,30.0
AAPL,1726834064530,228.0207,1.0
AAPL,1726834065967,228.09,1.0
AAPL,1726834070297,228.0275,4.0
AAPL,1726834072396,228.06,1.0
AAPL,1726834072793,228.13,342.0
AAPL,1726834072794,228.19,50.0
AAPL,1726834073168,228.1,201.0
AAPL,1726834075243,228.165,1.0
AAPL,1726834077418,228.165,1.0
AAPL,1726834079587,228.19,1.0
AAPL,1726834079650,228.12,250.0
AAPL,1726834081886,228.17,1.0
AAPL,1726834082390,228.23,95.0
AAPL,1726834082391,228.2,50.0
AAPL,1726834083118,228.18,1.0
AAPL,1726834083977,228.2,6.0
AAPL,1726834085291,228.19,5.0
AAPL,1726834089258,228.1,4.0
AAPL,1726834091629,228.252,25.0
AAPL,1726834094500,228.17,500.0
AAPL,1726834100370,228.17,10.0
AAPL,1726834102128,228.25,378.0
AAPL,1726834102139,228.25,50.0
AAPL,1726834102140,228.26,100.0
AAPL,1726834102157,228.26,100.0
AAPL,1726834105579,228.26,100.0
AAPL,1726834110168,228.185,1.0
AAPL,1726834110718,228.1141,200.0
AAPL,1726834112988,228.185,1.0
AAPL,1726834113048,228.25,2.0
AAPL,1726834114284,228.25,1.0
AAPL,1726834114699,228.185,1.0
AAPL,1726834115105,228.26,100.0
AAPL,1726834117870,228.26,25.0
AAPL,1726834117871,228.26,25.0
AAPL,1726834117872,228.26,73.0
AAPL,1726834117875,228.27,2.0
AAPL,1726834118205,228.27,100.0
AAPL,1726834120078,228.3,20.0
AAPL,1726834120079,228.3,4.0
AAPL,1726834120888,228.372,20.0
AAPL,1726834137275,228.26,2.0
AAPL,1726834137276,228.26,250.0
AAPL,1726834137857,228.3,1.0
AAPL,1726834146187,228.3,3.0
AAPL,1726834146588,228.295,1.0
AAPL,1726834148136,228.2,5.0
AAPL,1726834149693,228.21,1.0
AAPL,1726834150697,228.39,1.0
AAPL,1726834154422,228.2226,1.0
AAPL,1726834156738,228.24,1.0
AAPL,1726834158145,228.24,250.0
AAPL,1726834158197,228.24,100.0
AAPL,1726834158300,228.24,50.0
AAPL,1726834158304,228.25,11.0
AAPL,1726834160110,228.25,200.0
AAPL,1726834162261,228.24,20.0
AAPL,1726834162712,228.2,100.0
AAPL,1726834162713,228.2,100.0
AAPL,1726834163231,228.22,50.0
AAPL,1726834163232,228.23,50.0
AAPL,1726834163234,228.23,100.0
AAPL,1726834163237,228.24,209.0
AAPL,1726834163942,228.24,1.0
AAPL,1726834165373,228.2,1.0
AAPL,1726834167085,228.16,1.0
AAPL,1726834168527,228.16,1.0
AAPL,1726834169435,228.18,1.0
AAPL,1726834173175,228.196,1.0
AAPL,1726834173324,228.16,1.0
AAPL,1726834180165,228.1996,1.0
AAPL,1726834180626,228.196,4.0
AAPL,1726834181209,228.19,10.0
AAPL,1726834185505,228.17,100.0
AAPL,1726834190937,228.2,1.0
AAPL,1726834192160,228.13,5.0
AAPL,1726834193745,228.2,100.0
AAPL,1726834195510,228.24,400.0
AAPL,1726834202823,228.2,9.0
AAPL,1726834203337,228.24,20.0
AAPL,1726834207847,228.22,460.0
AAPL,1726834207947,228.23,3.0
AAPL,1726834208100,228.12,1.0
AAPL,1726834209204,228.23,510.0
AAPL,1726834210235,228.17,200.0
AAPL,1726834214053,228.23,1.0
AAPL,1726834216207,228.175,1.0
AAPL,1726834220917,228.13,2.0
AAPL,1726834223219,228.13,1.0
AAPL,1726834224099,228.23,100.0
AAPL,1726834225153,228.24,100.0
AAPL,1726834228361,228.23,11.0
AAPL,1726834231837,228.24,1.0
AAPL,1726834233946,228.265,1.0
AAPL,1726834236597,228.23,5.0
AAPL,1726834236777,228.265,1.0
AAPL,1726834238311,228.29,40.0
AAPL,1726834239579,228.3,2.0
AAPL,1726834239580,228.3,2.0
AAPL,1726834240124,228.25,1.0
AAPL,1726834243010,228.29,200.0
AAPL,1726834244011,228.26,500.0
AAPL,1726834244787,228.27,3.0
AAPL,1726834246702,228.29,1.0
AAPL,1726834247174,228.28,1.0
AAPL,1726834249577,228.28,1.0
AAPL,1726834253743,228.29,49.0
AAPL,1726834253744,228.3,451.0
AAPL,1726834253745,228.3,547.0
AAPL,1726834254506,228.3,24.0
AAPL,1726834256478,228.345,1.0
AAPL,1726834256798,228.38,200.0
AAPL,1726834257078,228.34,5.0
AAPL,1726834257845,228.34,5.0
AAPL,1726834259606,228.351,1.0
AAPL,1726834261382,228.35,20.0
AAPL,1726834262786,228.38,50.0
AAPL,1726834262796,228.39,150.0
AAPL,1726834262867,228.34,50.0
AAPL,1726834262868,228.32,88.0
AAPL,1726834264298,228.32,100.0
AAPL,1726834264299,228.31,100.0
AAPL,1726834264905,228.37,150.0
AAPL,1726834265053,228.38,249.0
AAPL,1726834265396,228.345,1.0
AAPL,1726834265724,228.32,226.0
AAPL,1726834267248,228.39,100.0
AAPL,1726834267249,228.39,100.0
AAPL,1726834267381,228.38,50.0
AAPL,1726834273474,228.3,15.0
AAPL,1726834274426,228.345,1.0
AAPL,1726834275366,228.385,9.0
AAPL,1726834275775,228.381,65.0
AAPL,1726834275815,228.39,1000.0
AAPL,1726834277568,228.3008,50.0
AAPL,1726834278471,228.33,10.0
AAPL,1726834278702,228.3,1.0
AAPL,1726834279277,228.39,5.0
AAPL,1726834282181,228.389,25.0
AAPL,1726834289422,228.39,2.0
AAPL,1726834290859,228.39,2.0
AAPL,1726834293481,228.38,1.0
AAPL,1726834294423,228.35,490.0
AAPL,1726834294497,228.35,100.0
AAPL,1726834296242,228.38,5.0
AAPL,1726834300968,228.3,1.0
AAPL,1726834301120,228.345,1.0
AAPL,1726834301765,228.35,25.0
AAPL,1726834305151,228.39,4.0
AAPL,1726834309195,228.345,1.0
AAPL,1726834313047,228.3796,5.0
AAPL,1726834313336,228.38,9.0
AAPL,1726834313337,228.39,250.0
AAPL,1726834313338,228.44,31.0
AAPL,1726834313340,228.44,116.0
AAPL,1726834313591,228.42,5.0
AAPL,1726834315145,228.44,10.0
AAPL,1726834316198,228.35,5.0
AAPL,1726834317924,228.37,1.0
AAPL,1726834319139,228.35,10.0
AAPL,1726834319140,228.36,6.0
AAPL,1726834319610,228.43,7.0
AAPL,1726834324356,228.4,1.0
AAPL,1726834325034,228.44,10.0
AAPL,1726834330412,228.4,10.0
AAPL,1726834332621,228.43,65.0
AAPL,1726834332724,228.35,4.0
AAPL,1726834332846,228.395,1.0
AAPL,1726834333375,228.43,23.0
AAPL,1726834337700,228.39,10.0
AAPL,1726834340646,228.405,1.0
AAPL,1726834340975,228.3912,1.0
AAPL,1726834342700,228.44,10.0
AAPL,1726834344582,228.43,2.0
AAPL,1726834345634,228.43,1.0
AAPL,1726834347278,228.4,86.0
AAPL,1726834348440,228.415,1.0
AAPL,1726834351930,228.39,60.0
AAPL,1726834353305,228.415,1.0
AAPL,1726834356358,228.43,1.0
AAPL,1726834356634,228.415,1.0
AAPL,1726834356867,228.4,30.0
AAPL,1726834361670,228.4,1.0
AAPL,1726834363011,228.41,1.0
AAPL,1726834363235,228.39,5.0
AAPL,1726834363289,228.415,1.0
AAPL,1726834365148,228.39,50.0
AAPL,1726834367966,228.39,66.0
AAPL,1726834368946,228.41,2.0
AAPL,1726834369518,228.415,1.0
AAPL,1726834377304,228.41,1.0
AAPL,1726834377368,228.41,49.0
AAPL,1726834377369,228.42,13.0
AAPL,1726834381359,228.4,1.0
AAPL,1726834381360,228.39,33.0
AAPL,1726834381637,228.41,1.0
AAPL,1726834383336,228.39,46.0
AAPL,1726834387547,228.39,22.0
AAPL,1726834393634,228.39,2.0
BINANCE:BTCUSDT,1726833777112,63460.0,0.00786
BINANCE:BTCUSDT,1726833777255,63460.01,0.02871
BINANCE:BTCUSDT,1726833777272,63460.01,0.03171
BINANCE:BTCUSDT,1726833777285,63460.01,0.00535
BINANCE:BTCUSDT,1726833777286,63460.01,0.014
BINANCE:BTCUSDT,1726833777288,63460.01,0.03163
BINANCE:BTCUSDT,1726833777306,63460.01,0.01825
BINANCE:BTCUSDT,1726833777322,63460.01,0.01825
BINANCE:BTCUSDT,1726833777339,63460.01,0.01949
BINANCE:BTCUSDT,1726833777360,63460.01,0.01625
BINANCE:BTCUSDT,1726833777618,63460.01,0.02599
BINANCE:BTCUSDT,1726833777766,63460.0,0.00719
BINANCE:BTCUSDT,1726833777830,63460.01,0.0002
BINANCE:BTCUSDT,1726833778041,63460.01,0.00106
BINANCE:BTCUSDT,1726833778074,63460.01,0.00106
BINANCE:BTCUSDT,1726833778145,63460.01,0.00394
BINANCE:BTCUSDT,1726833778236,63460.01,0.02599
BINANCE:BTCUSDT,1726833778255,63460.01,0.00236
BINANCE:BTCUSDT,1726833778352,63460.01,0.02907
BINANCE:BTCUSDT,1726833778367,63460.01,0.02599
BINANCE:BTCUSDT,1726833778551,63460.01,0.00061
BINANCE:BTCUSDT,1726833778743,63460.01,0.00041
BINANCE:BTCUSDT,1726833778759,63460.01,0.00536
BINANCE:BTCUSDT,1726833778765,63460.01,0.00804
BINANCE:BTCUSDT,1726833779054,63460.01,0.0017
BINANCE:BTCUSDT,1726833779577,63460.0,0.00756
BINANCE:BTCUSDT,1726833779583,63460.0,0.00128
BINANCE:BTCUSDT,1726833779864,63460.0,0.00474
BINANCE:BTCUSDT,1726833780086,63460.0,0.00081
BINANCE:BTCUSDT,1726833780236,63460.01,0.0009
BINANCE:BTCUSDT,1726833780769,63460.01,0.01999
BINANCE:BTCUSDT,1726833780785,63460.01,0.01574
BINANCE:BTCUSDT,1726833780802,63460.01,0.01889
BINANCE:BTCUSDT,1726833780835,63460.01,0.03305
BINANCE:BTCUSDT,1726833780850,63460.01,0.03339
BINANCE:BTCUSDT,1726833780867,63460.01,0.03232
BINANCE:BTCUSDT,1726833781008,63460.01,0.00158
BINANCE:BTCUSDT,1726833781029,63460.0,8e-05
BINANCE:BTCUSDT,1726833781391,63460.01,0.00041
BINANCE:BTCUSDT,1726833781395,63460.0,0.00034
BINANCE:BTCUSDT,1726833781423,63460.01,0.003
BINANCE:BTCUSDT,1726833781503,63460.01,0.0001
BINANCE:BTCUSDT,1726833781729,63460.0,0.07748
BINANCE:BTCUSDT,1726833781803,63460.01,0.00306
BINANCE:BTCUSDT,1726833781966,63460.0,0.00018
BINANCE:BTCUSDT,1726833782188,63460.01,0.00472
BINANCE:BTCUSDT,1726833782263,63460.01,0.00024
BINANCE:BTCUSDT,1726833782270,63460.01,0.00315
BINANCE:BTCUSDT,1726833782272,63460.01,0.03184
BINANCE:BTCUSDT,1726833782273,63460.01,0.08201
BINANCE:BTCUSDT,1726833782274,63460.01,0.00315
BINANCE:BTCUSDT,1726833782279,63460.01,0.00315
BINANCE:BTCUSDT,1726833782280,63460.01,0.03089
BINANCE:BTCUSDT,1726833782282,63460.01,0.0002
BINANCE:BTCUSDT,1726833782286,63460.01,0.00315
BINANCE:BTCUSDT,1726833782287,63460.0,0.0016
BINANCE:BTCUSDT,1726833782291,63460.01,0.00315
BINANCE:BTCUSDT,1726833782296,63460.01,0.00315
BINANCE:BTCUSDT,1726833782297,63460.01,0.0394
BINANCE:BTCUSDT,1726833782300,63460.01,0.00315
BINANCE:BTCUSDT,1726833782305,63460.01,0.00315
BINANCE:BTCUSDT,1726833782309,63460.01,0.00315
BINANCE:BTCUSDT,1726833782313,63460.01,0.00315
BINANCE:BTCUSDT,1726833782320,63460.01,0.00315
BINANCE:BTCUSDT,1726833782323,63460.01,0.0137
BINANCE:BTCUSDT,1726833782338,63460.01,0.01889
BINANCE:BTCUSDT,1726833782339,63460.01,0.03232
BINANCE:BTCUSDT,1726833782348,63460.01,0.01316
BINANCE:BTCUSDT,1726833782349,63460.01,0.03262
BINANCE:BTCUSDT,1726833782372,63460.01,0.02939
BINANCE:BTCUSDT,1726833782388,63460.01,0.01696
BINANCE:BTCUSDT,1726833782398,63460.01,0.0063
BINANCE:BTCUSDT,1726833782405,63460.01,0.02599
BINANCE:BTCUSDT,1726833782422,63460.01,0.02599
BINANCE:BTCUSDT,1726833782520,63460.01,0.01762
BINANCE:BTCUSDT,1726833782536,63460.01,0.01763
BINANCE:BTCUSDT,1726833782569,63460.01,0.01754
BINANCE:BTCUSDT,1726833782585,63460.01,0.01755
BINANCE:BTCUSDT,1726833782701,63460.01,0.0321
BINANCE:BTCUSDT,1726833782718,63460.01,0.01854
BINANCE:BTCUSDT,1726833782735,63460.01,0.03214
BINANCE:BTCUSDT,1726833782752,63460.01,0.02599
BINANCE:BTCUSDT,1726833782784,63460.01,0.02598
BINANCE:BTCUSDT,1726833782803,63460.01,0.00013
BINANCE:BTCUSDT,1726833782850,63460.01,0.02599
BINANCE:BTCUSDT,1726833782867,63460.01,0.02599
BINANCE:BTCUSDT,1726833783002,63460.0,0.00042
BINANCE:BTCUSDT,1726833783098,63460.01,0.00013
BINANCE:BTCUSDT,1726833783342,63460.01,0.03272
BINANCE:BTCUSDT,1726833784436,63460.0,0.00167
BINANCE:BTCUSDT,1726833784596,63460.01,0.00081
BINANCE:BTCUSDT,1726833785117,63460.0,0.00023
BINANCE:BTCUSDT,1726833785299,63460.01,0.03181
BINANCE:BTCUSDT,1726833785316,63460.01,0.0295
BINANCE:BTCUSDT,1726833785332,63460.01,2e-05
BINANCE:BTCUSDT,1726833785365,63460.01,0.00037
BINANCE:BTCUSDT,1726833785400,63460.01,0.00774
BINANCE:BTCUSDT,1726833785415,63460.01,0.00236
BINANCE:BTCUSDT,1726833785455,63460.01,0.00092
BINANCE:BTCUSDT,1726833785974,63460.01,0.00374
BINANCE:BTCUSDT,1726833786013,63460.01,0.00019
BINANCE:BTCUSDT,1726833786502,63460.01,0.00158
BINANCE:BTCUSDT,1726833786556,63460.01,0.00074
BINANCE:BTCUSDT,1726833786886,63460.0,0.0002
BINANCE:BTCUSDT,1726833786964,63460.01,0.00235
BINANCE:BTCUSDT,1726833786965,63460.01,0.0035
BINANCE:BTCUSDT,1726833787062,63460.0,0.00081
BINANCE:BTCUSDT,1726833787346,63460.0,0.00174
BINANCE:BTCUSDT,1726833787766,63460.0,0.00074
BINANCE:BTCUSDT,1726833788802,63460.0,0.00023
BINANCE:BTCUSDT,1726833788965,63460.0,0.00374
BINANCE:BTCUSDT,1726833789586,63460.0,0.00515
BINANCE:BTCUSDT,1726833789627,63460.0,7e-05
BINANCE:BTCUSDT,1726833789808,63460.0,0.00012
BINANCE:BTCUSDT,1726833790077,63460.01,0.00048
BINANCE:BTCUSDT,1726833790140,63460.01,0.00079
BINANCE:BTCUSDT,1726833790143,63460.01,0.00119
BINANCE:BTCUSDT,1726833790148,63460.01,0.00316
BINANCE:BTCUSDT,1726833790153,63460.01,0.0082
BINANCE:BTCUSDT,1726833791196,63460.0,0.00044
BINANCE:BTCUSDT,1726833791212,63460.01,0.0019
BINANCE:BTCUSDT,1726833791674,63460.0,0.00017
BINANCE:BTCUSDT,1726833791836,63460.01,0.00082
BINANCE:BTCUSDT,1726833792652,63460.01,0.0043
BINANCE:BTCUSDT,1726833792662,63460.01,0.00101
BINANCE:BTCUSDT,1726833793008,63460.01,0.00037
BINANCE:BTCUSDT,1726833793243,63460.01,0.02019
BINANCE:BTCUSDT,1726833793260,63460.01,0.02599
BINANCE:BTCUSDT,1726833793277,63460.01,0.01598
BINANCE:BTCUSDT,1726833793298,63460.01,0.00631
BINANCE:BTCUSDT,1726833793323,63460.01,0.00074
BINANCE:BTCUSDT,1726833793367,63460.01,0.01206
BINANCE:BTCUSDT,1726833793375,63460.01,0.00779
BINANCE:BTCUSDT,1726833793506,63460.01,0.0039
BINANCE:BTCUSDT,1726833793708,63460.01,0.00024
BINANCE:BTCUSDT,1726833793826,63460.0,0.0004
BINANCE:BTCUSDT,1726833793868,63460.01,0.00021
BINANCE:BTCUSDT,1726833794589,63460.0,0.00123
BINANCE:BTCUSDT,1726833795045,63460.01,0.00035
BINANCE:BTCUSDT,1726833795608,63460.01,0.00352
BINANCE:BTCUSDT,1726833795801,63460.0,0.00057
BINANCE:BTCUSDT,1726833795956,63460.01,0.00056
BINANCE:BTCUSDT,1726833796182,63460.01,0.00235
BINANCE:BTCUSDT,1726833796376,63460.01,0.00129
BINANCE:BTCUSDT,1726833796747,63460.01,0.00081
BINANCE:BTCUSDT,1726833797343,63460.01,0.00031
BINANCE:BTCUSDT,1726833797608,63460.01,0.00353
BINANCE:BTCUSDT,1726833797987,63460.0,0.00353
BINANCE:BTCUSDT,1726833797988,63459.92,0.00012
BINANCE:BTCUSDT,1726833798654,63458.24,0.00151
BINANCE:BTCUSDT,1726833798772,63458.24,0.00103
BINANCE:BTCUSDT,1726833799087,63458.23,0.00081
BINANCE:BTCUSDT,1726833799457,63458.24,0.00025
BINANCE:BTCUSDT,1726833799606,63458.24,0.00025
BINANCE:BTCUSDT,1726833800245,63458.23,0.00014
BINANCE:BTCUSDT,1726833800291,63458.23,0.0008
BINANCE:BTCUSDT,1726833800437,63458.23,0.00388
BINANCE:BTCUSDT,1726833800444,63458.23,0.00528
BINANCE:BTCUSDT,1726833801319,63458.24,0.00157
BINANCE:BTCUSDT,1726833801917,63458.24,0.00214
BINANCE:BTCUSDT,1726833802043,63458.23,0.00103
BINANCE:BTCUSDT,1726833802460,63458.23,0.00543
BINANCE:BTCUSDT,1726833802908,63458.01,0.00017
BINANCE:BTCUSDT,1726833802984,63458.01,0.04833
BINANCE:BTCUSDT,1726833803001,63458.0,0.00071
BINANCE:BTCUSDT,1726833803328,63458.01,0.00036
BINANCE:BTCUSDT,1726833804292,63458.0,0.00462
BINANCE:BTCUSDT,1726833804721,63458.0,0.00013
BINANCE:BTCUSDT,1726833805938,63458.01,0.00132
BINANCE:BTCUSDT,1726833805939,63458.01,0.00132
BINANCE:BTCUSDT,1726833806599,63458.0,0.00013
BINANCE:BTCUSDT,1726833806694,63458.01,7e-05
BINANCE:BTCUSDT,1726833806702,63458.0,0.00021
BINANCE:BTCUSDT,1726833806941,63458.0,0.004
BINANCE:BTCUSDT,1726833807190,63458.0,0.00022
BINANCE:BTCUSDT,1726833807607,63458.0,0.0013
BINANCE:BTCUSDT,1726833807761,63458.01,0.0103
BINANCE:BTCUSDT,1726833808104,63458.01,0.01389
BINANCE:BTCUSDT,1726833808155,63458.0,0.00118
BINANCE:BTCUSDT,1726833808208,63458.01,0.01569
BINANCE:BTCUSDT,1726833808267,63458.01,0.00045
BINANCE:BTCUSDT,1726833808859,63458.01,0.0004
BINANCE:BTCUSDT,1726833809003,63458.01,0.00026
BINANCE:BTCUSDT,1726833809010,63458.01,0.00029
BINANCE:BTCUSDT,1726833809095,63458.01,0.00264
BINANCE:BTCUSDT,1726833809263,63458.0,0.00126
BINANCE:BTCUSDT,1726833809761,63458.01,0.01031
BINANCE:BTCUSDT,1726833809980,63458.01,0.00085
BINANCE:BTCUSDT,1726833810103,63458.01,0.01388
BINANCE:BTCUSDT,1726833810163,63458.01,0.00518
BINANCE:BTCUSDT,1726833810168,63458.01,0.00394
BINANCE:BTCUSDT,1726833810170,63458.01,0.04302
BINANCE:BTCUSDT,1726833810180,63458.01,0.05301
BINANCE:BTCUSDT,1726833810183,63458.01,0.00558
BINANCE:BTCUSDT,1726833810206,63458.01,0.0078
BINANCE:BTCUSDT,1726833810208,63458.01,0.00768
BINANCE:BTCUSDT,1726833810209,63458.01,0.08088
BINANCE:BTCUSDT,1726833810222,63458.01,0.00315
BINANCE:BTCUSDT,1726833810223,63458.01,0.02599
BINANCE:BTCUSDT,1726833810226,63458.01,0.25915
BINANCE:BTCUSDT,1726833810229,63458.01,0.00315
BINANCE:BTCUSDT,1726833810233,63458.01,0.00315
BINANCE:BTCUSDT,1726833810237,63458.01,0.00315
BINANCE:BTCUSDT,1726833810238,63458.01,0.017
BINANCE:BTCUSDT,1726833810239,63458.01,0.0837
BINANCE:BTCUSDT,1726833810240,63458.01,0.00772
BINANCE:BTCUSDT,1726833810241,63458.01,0.00315
BINANCE:BTCUSDT,1726833810248,63458.01,0.00315
BINANCE:BTCUSDT,1726833810252,63458.01,0.0068
BINANCE:BTCUSDT,1726833810254,63458.01,0.01167
BINANCE:BTCUSDT,1726833810255,63458.01,0.00315
BINANCE:BTCUSDT,1726833810257,63458.01,0.02112
BINANCE:BTCUSDT,1726833810260,63458.01,0.00315
BINANCE:BTCUSDT,1726833810267,63458.01,0.16
BINANCE:BTCUSDT,1726833810269,63458.01,0.08908
BINANCE:BTCUSDT,1726833810274,63458.01,0.03264
BINANCE:BTCUSDT,1726833810278,63458.01,0.10103
BINANCE:BTCUSDT,1726833810283,63458.01,0.00788
BINANCE:BTCUSDT,1726833810289,63458.01,0.0063
BINANCE:BTCUSDT,1726833810291,63458.01,0.03059
BINANCE:BTCUSDT,1726833810294,63458.01,0.0145
BINANCE:BTCUSDT,1726833810295,63458.01,0.00315
BINANCE:BTCUSDT,1726833810301,63458.01,0.00315
BINANCE:BTCUSDT,1726833810304,63458.01,0.00315
BINANCE:BTCUSDT,1726833810309,63458.01,0.00315
BINANCE:BTCUSDT,1726833810317,63458.01,0.07986
BINANCE:BTCUSDT,1726833810318,63458.01,0.00315
BINANCE:BTCUSDT,1726833810320,63458.01,0.00857
BINANCE:BTCUSDT,1726833810323,63458.01,0.00315
BINANCE:BTCUSDT,1726833810327,63458.01,0.00315
BINANCE:BTCUSDT,1726833810330,63458.01,0.00315
BINANCE:BTCUSDT,1726833810334,63458.01,0.04864
BINANCE:BTCUSDT,1726833810335,63458.01,0.09488
BINANCE:BTCUSDT,1726833810338,63458.01,0.00315
BINANCE:BTCUSDT,1726833810343,63458.01,0.00315
BINANCE:BTCUSDT,1726833810348,63458.01,0.00315
BINANCE:BTCUSDT,1726833810350,63458.01,0.08231
BINANCE:BTCUSDT,1726833810351,63458.01,0.03237
BINANCE:BTCUSDT,1726833810352,63458.01,0.00315
BINANCE:BTCUSDT,1726833810355,63458.01,0.00315
BINANCE:BTCUSDT,1726833810358,63458.01,0.02185
BINANCE:BTCUSDT,1726833810359,63458.01,0.00315
BINANCE:BTCUSDT,1726833810366,63458.01,0.00315
BINANCE:BTCUSDT,1726833810369,63458.01,0.00315
BINANCE:BTCUSDT,1726833810371,63458.01,0.00759
BINANCE:BTCUSDT,1726833810373,63458.01,0.05403
BINANCE:BTCUSDT,1726833810374,63458.01,0.00315
BINANCE:BTCUSDT,1726833810378,63458.01,0.00315
BINANCE:BTCUSDT,1726833810380,63458.01,0.08852
BINANCE:BTCUSDT,1726833810381,63458.01,0.0394
BINANCE:BTCUSDT,1726833810383,63458.01,0.00315
BINANCE:BTCUSDT,1726833810389,63458.01,0.00315
BINANCE:BTCUSDT,1726833810390,63458.01,0.0325
BINANCE:BTCUSDT,1726833810393,63458.01,0.00315
BINANCE:BTCUSDT,1726833810399,63458.01,0.16
BINANCE:BTCUSDT,1726833810400,63458.01,0.08
BINANCE:BTCUSDT,1726833810401,63458.01,0.03811
BINANCE:BTCUSDT,1726833810402,63458.01,0.00315
BINANCE:BTCUSDT,1726833810407,63458.01,0.00315
BINANCE:BTCUSDT,1726833810408,63458.01,0.0788
BINANCE:BTCUSDT,1726833810411,63458.01,0.00315
BINANCE:BTCUSDT,1726833810414,63458.01,0.00315
BINANCE:BTCUSDT,1726833810417,63458.01,0.04116
BINANCE:BTCUSDT,1726833810419,63458.01,0.00315
BINANCE:BTCUSDT,1726833810422,63458.01,0.00315
BINANCE:BTCUSDT,1726833810427,63458.01,0.00315
BINANCE:BTCUSDT,1726833810430,63458.01,0.00315
BINANCE:BTCUSDT,1726833810432,63458.01,0.03519
BINANCE:BTCUSDT,1726833810435,63458.01,0.00315
BINANCE:BTCUSDT,1726833810438,63458.01,0.00315
BINANCE:BTCUSDT,1726833810441,63458.01,0.10346
BINANCE:BTCUSDT,1726833810443,63458.01,0.00315
BINANCE:BTCUSDT,1726833810447,63458.01,0.00315
BINANCE:BTCUSDT,1726833810462,63458.01,0.00315
BINANCE:BTCUSDT,1726833810467,63458.01,0.00315
BINANCE:BTCUSDT,1726833810471,63458.01,0.00315
BINANCE:BTCUSDT,1726833810472,63458.01,0.10405
BINANCE:BTCUSDT,1726833810475,63458.01,0.00315
BINANCE:BTCUSDT,1726833810479,63458.01,0.00315
BINANCE:BTCUSDT,1726833810483,63458.01,0.00315
BINANCE:BTCUSDT,1726833810487,63458.01,0.00315
BINANCE:BTCUSDT,1726833810491,63458.01,0.00315
BINANCE:BTCUSDT,1726833810496,63458.01,0.00315
BINANCE:BTCUSDT,1726833810499,63458.01,0.00315
BINANCE:BTCUSDT,1726833810501,63458.01,0.104
BINANCE:BTCUSDT,1726833810502,63458.01,0.00236
BINANCE:BTCUSDT,1726833810503,63458.01,0.00315
BINANCE:BTCUSDT,1726833810504,63458.01,0.06612
BINANCE:BTCUSDT,1726833810505,63458.01,0.0634
BINANCE:BTCUSDT,1726833810507,63458.01,0.00315
BINANCE:BTCUSDT,1726833810510,63458.08,0.00504
BINANCE:BTCUSDT,1726833810512,63458.23,0.0001
BINANCE:BTCUSDT,1726833810513,63458.23,9e-05
BINANCE:BTCUSDT,1726833810524,63458.24,0.00524
BINANCE:BTCUSDT,1726833810526,63460.01,0.00023
BINANCE:BTCUSDT,1726833810537,63460.02,0.00645
BINANCE:BTCUSDT,1726833810541,63461.89,0.00198
BINANCE:BTCUSDT,1726833810624,63461.9,0.0051
BINANCE:BTCUSDT,1726833810625,63463.16,0.00012
BINANCE:BTCUSDT,1726833810627,63463.17,0.00012
BINANCE:BTCUSDT,1726833810739,63463.16,0.10905
BINANCE:BTCUSDT,1726833810762,63463.17,0.01031
BINANCE:BTCUSDT,1726833810769,63463.99,0.0001
BINANCE:BTCUSDT,1726833811003,63464.0,0.0001
BINANCE:BTCUSDT,1726833811005,63466.0,0.00024
BINANCE:BTCUSDT,1726833811104,63466.0,0.00402
BINANCE:BTCUSDT,1726833811207,63466.0,0.0157
BINANCE:BTCUSDT,1726833812107,63466.0,0.00086
BINANCE:BTCUSDT,1726833812255,63466.0,0.00018
BINANCE:BTCUSDT,1726833812383,63465.99,0.00016
BINANCE:BTCUSDT,1726833812836,63466.0,0.06302
BINANCE:BTCUSDT,1726833812889,63466.0,0.00032
BINANCE:BTCUSDT,1726833813348,63465.54,0.00012
BINANCE:BTCUSDT,1726833813351,63465.0,0.00241
BINANCE:BTCUSDT,1726833813355,63465.01,0.00014
BINANCE:BTCUSDT,1726833813356,63462.01,0.00024
BINANCE:BTCUSDT,1726833813392,63462.0,0.0001
BINANCE:BTCUSDT,1726833813394,63461.85,0.00063
BINANCE:BTCUSDT,1726833813415,63461.84,0.0001
BINANCE:BTCUSDT,1726833813423,63460.02,0.0046
BINANCE:BTCUSDT,1726833813425,63460.01,0.00012
BINANCE:BTCUSDT,1726833813968,63460.01,0.00772
BINANCE:BTCUSDT,1726833814095,63460.01,0.00359
BINANCE:BTCUSDT,1726833814096,63460.01,0.00482
BINANCE:BTCUSDT,1726833814097,63460.01,0.0159
BINANCE:BTCUSDT,1726833814514,63460.01,0.00036
BINANCE:BTCUSDT,1726833815286,63460.0,0.00042
BINANCE:BTCUSDT,1726833815413,63460.01,0.00219
BINANCE:BTCUSDT,1726833815482,63460.0,0.00028
BINANCE:BTCUSDT,1726833816711,63460.0,0.00015
BINANCE:BTCUSDT,1726833817008,63460.01,0.00023
BINANCE:BTCUSDT,1726833817108,63460.01,0.00179
BINANCE:BTCUSDT,1726833817567,63460.0,0.05
BINANCE:BTCUSDT,1726833817702,63460.0,0.00912
BINANCE:BTCUSDT,1726833817808,63460.0,0.00372
BINANCE:BTCUSDT,1726833817968,63460.01,0.00138
BINANCE:BTCUSDT,1726833818643,63460.0,0.00173
BINANCE:BTCUSDT,1726833819015,63460.0,0.0001
BINANCE:BTCUSDT,1726833819186,63460.01,0.0001
BINANCE:BTCUSDT,1726833819756,63460.0,0.00013
BINANCE:BTCUSDT,1726833819766,63460.0,0.00026
BINANCE:BTCUSDT,1726833820466,63460.01,0.00425
BINANCE:BTCUSDT,1726833821353,63460.0,0.00219
BINANCE:BTCUSDT,1726833821908,63460.01,0.00631
BINANCE:BTCUSDT,1726833822201,63460.0,7e-05
BINANCE:BTCUSDT,1726833822304,63460.0,0.01253
BINANCE:BTCUSDT,1726833822627,63460.01,0.0008
BINANCE:BTCUSDT,1726833822766,63460.0,0.00135
BINANCE:BTCUSDT,1726833822907,63460.01,0.00316
BINANCE:BTCUSDT,1726833823312,63460.0,0.00014
BINANCE:BTCUSDT,1726833823443,63460.01,0.00095
BINANCE:BTCUSDT,1726833823571,63460.0,0.00019
BINANCE:BTCUSDT,1726833823747,63460.0,0.00665
BINANCE:BTCUSDT,1726833823905,63460.0,0.00354
BINANCE:BTCUSDT,1726833825284,63460.0,0.00374
BINANCE:BTCUSDT,1726833825648,63460.0,0.00766
BINANCE:BTCUSDT,1726833825653,63460.0,0.00766
BINANCE:BTCUSDT,1726833825657,63460.0,0.00766
BINANCE:BTCUSDT,1726833825663,63460.0,0.00766
BINANCE:BTCUSDT,1726833825982,63460.0,0.0004
BINANCE:BTCUSDT,1726833825990,63460.0,0.00417
BINANCE:BTCUSDT,1726833826281,63460.01,0.00292
BINANCE:BTCUSDT,1726833826421,63460.0,0.00182
BINANCE:BTCUSDT,1726833826602,63460.01,0.00024
BINANCE:BTCUSDT,1726833826633,63460.01,0.00232
BINANCE:BTCUSDT,1726833826709,63460.0,0.00079
BINANCE:BTCUSDT,1726833826718,63460.0,0.01602
BINANCE:BTCUSDT,1726833827687,63460.01,0.1
BINANCE:BTCUSDT,1726833827990,63460.0,0.00418
BINANCE:BTCUSDT,1726833828017,63460.0,0.09085
BINANCE:BTCUSDT,1726833828268,63460.0,9e-05
BINANCE:BTCUSDT,1726833828673,63460.01,0.00032
BINANCE:BTCUSDT,1726833828755,63460.01,0.00286
BINANCE:BTCUSDT,1726833828990,63460.0,0.00418
BINANCE:BTCUSDT,1726833829096,63460.01,0.00045
BINANCE:BTCUSDT,1726833829385,63460.0,0.00079
BINANCE:BTCUSDT,1726833829948,63460.0,0.00315
BINANCE:BTCUSDT,1726833831089,63460.0,0.00115
BINANCE:BTCUSDT,1726833831191,63460.0,0.00079
BINANCE:BTCUSDT,1726833831359,63460.0,0.00049
BINANCE:BTCUSDT,1726833831707,63460.0,0.00611
BINANCE:BTCUSDT,1726833831893,63460.01,0.0019
BINANCE:BTCUSDT,1726833831908,63460.0,0.00303
BINANCE:BTCUSDT,1726833832118,63460.01,0.00039
BINANCE:BTCUSDT,1726833833072,63460.01,0.00787
BINANCE:BTCUSDT,1726833833897,63460.01,0.00037
BINANCE:BTCUSDT,1726833833899,63460.0,0.00421
BINANCE:BTCUSDT,1726833834473,63460.0,0.02777
BINANCE:BTCUSDT,1726833834754,63460.01,0.00078
BINANCE:BTCUSDT,1726833834774,63460.01,0.00195
BINANCE:BTCUSDT,1726833835641,63460.0,0.00063
BINANCE:BTCUSDT,1726833835961,63460.01,0.00034
BINANCE:BTCUSDT,1726833836286,63460.01,0.00098
BINANCE:BTCUSDT,1726833836291,63460.0,0.00248
BINANCE:BTCUSDT,1726833837441,63460.01,0.00076
BINANCE:BTCUSDT,1726833837609,63460.01,0.06689
BINANCE:BTCUSDT,1726833837966,63460.0,0.00285
BINANCE:BTCUSDT,1726833838158,63460.01,0.00358
BINANCE:BTCUSDT,1726833838473,63460.01,0.00461
BINANCE:BTCUSDT,1726833838505,63460.01,0.01999
BINANCE:BTCUSDT,1726833839058,63460.01,0.0002
BINANCE:BTCUSDT,1726833839492,63460.0,0.00048
BINANCE:BTCUSDT,1726833839690,63460.0,0.00023
BINANCE:BTCUSDT,1726833840035,63460.01,0.00463
BINANCE:BTCUSDT,1726833840213,63460.0,0.01239
BINANCE:BTCUSDT,1726833840427,63460.01,0.00734
BINANCE:BTCUSDT,1726833840428,63460.01,0.00609
BINANCE:BTCUSDT,1726833840461,63460.0,0.00745
BINANCE:BTCUSDT,1726833840782,63460.0,0.0097
BINANCE:BTCUSDT,1726833840998,63460.0,0.00304
BINANCE:BTCUSDT,1726833841038,63460.01,0.00033
BINANCE:BTCUSDT,1726833841039,63460.01,0.00033
BINANCE:BTCUSDT,1726833841062,63460.01,0.00024
BINANCE:BTCUSDT,1726833842247,63460.01,0.00014
BINANCE:BTCUSDT,1726833842289,63460.0,0.00078
BINANCE:BTCUSDT,1726833842739,63460.0,0.01304
BINANCE:BTCUSDT,1726833842750,63460.0,0.00368
BINANCE:BTCUSDT,1726833842913,63460.0,0.0048
BINANCE:BTCUSDT,1726833842935,63460.0,0.00125
BINANCE:BTCUSDT,1726833842941,63460.0,0.00768
BINANCE:BTCUSDT,1726833842945,63460.0,0.00768
BINANCE:BTCUSDT,1726833842949,63460.0,0.00768
BINANCE:BTCUSDT,1726833842951,63460.0,0.00768
BINANCE:BTCUSDT,1726833842955,63460.0,0.00028
BINANCE:BTCUSDT,1726833842958,63460.0,0.00072
BINANCE:BTCUSDT,1726833842963,63460.0,0.00198
BINANCE:BTCUSDT,1726833843001,63460.0,0.0008
BINANCE:BTCUSDT,1726833843160,63460.0,0.00722
BINANCE:BTCUSDT,1726833843166,63460.0,0.00481
BINANCE:BTCUSDT,1726833843866,63460.01,0.00236
BINANCE:BTCUSDT,1726833843876,63460.0,8e-05
BINANCE:BTCUSDT,1726833843878,63460.01,8e-05
BINANCE:BTCUSDT,1726833844389,63460.01,0.00034
BINANCE:BTCUSDT,1726833845520,63460.0,0.00272
BINANCE:BTCUSDT,1726833846002,63460.01,0.00152
BINANCE:BTCUSDT,1726833846041,63460.01,0.00018
BINANCE:BTCUSDT,1726833846380,63460.01,0.00173
BINANCE:BTCUSDT,1726833846538,63460.01,0.01133
BINANCE:BTCUSDT,1726833847043,63460.0,0.01997
BINANCE:BTCUSDT,1726833847541,63460.01,0.00065
BINANCE:BTCUSDT,1726833847768,63460.01,0.00058
BINANCE:BTCUSDT,1726833847906,63460.0,0.00335
BINANCE:BTCUSDT,1726833848135,63460.0,0.00027
BINANCE:BTCUSDT,1726833848312,63460.0,0.00014
BINANCE:BTCUSDT,1726833848527,63460.01,0.00092
BINANCE:BTCUSDT,1726833848892,63460.01,0.00068
BINANCE:BTCUSDT,1726833849043,63460.0,0.01998
BINANCE:BTCUSDT,1726833849271,63460.0,0.0027
BINANCE:BTCUSDT,1726833849467,63460.01,0.00372
BINANCE:BTCUSDT,1726833849543,63460.01,0.00035
BINANCE:BTCUSDT,1726833850044,63460.0,0.01998
BINANCE:BTCUSDT,1726833850057,63460.01,0.00048
BINANCE:BTCUSDT,1726833850062,63460.01,0.00041
BINANCE:BTCUSDT,1726833850081,63460.01,0.00134
BINANCE:BTCUSDT,1726833850257,63460.01,0.00103
BINANCE:BTCUSDT,1726833850356,63460.0,0.3371
BINANCE:BTCUSDT,1726833850466,63460.0,0.0002
BINANCE:BTCUSDT,1726833850476,63460.0,0.01865
BINANCE:BTCUSDT,1726833850688,63460.0,0.00013
BINANCE:BTCUSDT,1726833850943,63460.0,0.00388
BINANCE:BTCUSDT,1726833850985,63460.01,0.00078
BINANCE:BTCUSDT,1726833851135,63460.01,0.98494
BINANCE:BTCUSDT,1726833851418,63460.01,0.1
BINANCE:BTCUSDT,1726833852079,63460.0,0.00014
BINANCE:BTCUSDT,1726833852203,63460.01,0.00233
BINANCE:BTCUSDT,1726833852307,63460.0,0.00149
BINANCE:BTCUSDT,1726833852435,63460.01,0.00413
BINANCE:BTCUSDT,1726833852802,63460.0,0.0008
BINANCE:BTCUSDT,1726833853275,63459.97,0.00045
BINANCE:BTCUSDT,1726833853276,63459.96,0.00111
BINANCE:BTCUSDT,1726833853279,63458.23,0.00163
BINANCE:BTCUSDT,1726833853280,63458.01,0.00666
BINANCE:BTCUSDT,1726833853281,63456.84,9e-05
BINANCE:BTCUSDT,1726833853288,63456.01,0.00012
BINANCE:BTCUSDT,1726833853291,63454.01,0.006
BINANCE:BTCUSDT,1726833853299,63452.84,0.00073
BINANCE:BTCUSDT,1726833853312,63452.04,0.00012
BINANCE:BTCUSDT,1726833853322,63452.01,0.00032
BINANCE:BTCUSDT,1726833853350,63452.0,0.006
BINANCE:BTCUSDT,1726833853353,63451.95,0.00012
BINANCE:BTCUSDT,1726833853363,63451.94,0.0001
BINANCE:BTCUSDT,1726833853372,63451.17,0.00012
BINANCE:BTCUSDT,1726833853390,63450.01,0.006
BINANCE:BTCUSDT,1726833853402,63449.46,9e-05
BINANCE:BTCUSDT,1726833853929,63449.46,0.00042
BINANCE:BTCUSDT,1726833853932,63449.46,0.07871
BINANCE:BTCUSDT,1726833853954,63449.46,0.06322
BINANCE:BTCUSDT,1726833854162,63449.45,0.00039
BINANCE:BTCUSDT,1726833854199,63449.46,0.00016
BINANCE:BTCUSDT,1726833854209,63449.45,0.00017
BINANCE:BTCUSDT,1726833854240,63449.46,0.00031
BINANCE:BTCUSDT,1726833854241,63449.46,0.0244
BINANCE:BTCUSDT,1726833854547,63449.46,0.00909
BINANCE:BTCUSDT,1726833854587,63449.46,0.0122
BINANCE:BTCUSDT,1726833854721,63449.46,0.00018
BINANCE:BTCUSDT,1726833854922,63449.46,0.01485
BINANCE:BTCUSDT,1726833855004,63449.46,0.14876
BINANCE:BTCUSDT,1726833855112,63449.46,0.00017
BINANCE:BTCUSDT,1726833855503,63449.45,0.00012
BINANCE:BTCUSDT,1726833855658,63449.45,0.00013
BINANCE:BTCUSDT,1726833856151,63449.41,0.0209
BINANCE:BTCUSDT,1726833856152,63448.01,0.006
BINANCE:BTCUSDT,1726833856153,63446.0,0.006
BINANCE:BTCUSDT,1726833856228,63442.01,0.006
BINANCE:BTCUSDT,1726833856514,63440.01,0.01525
BINANCE:BTCUSDT,1726833856777,63440.01,0.00158
BINANCE:BTCUSDT,1726833856820,63440.01,0.01565
BINANCE:BTCUSDT,1726833856844,63440.01,0.06322
BINANCE:BTCUSDT,1726833856962,63440.01,0.07511
BINANCE:BTCUSDT,1726833856964,63440.01,0.07886
BINANCE:BTCUSDT,1726833857126,63440.01,0.01565
BINANCE:BTCUSDT,1726833857152,63440.01,0.00891
BINANCE:BTCUSDT,1726833857958,63440.01,0.00157
BINANCE:BTCUSDT,1726833858073,63440.0,0.00315
BINANCE:BTCUSDT,1726833858921,63440.0,0.00017
BINANCE:BTCUSDT,1726833859401,63440.01,0.00078
BINANCE:BTCUSDT,1726833859817,63440.0,0.00679
BINANCE:BTCUSDT,1726833859820,63440.0,0.00039
BINANCE:BTCUSDT,1726833859821,63434.67,0.006
BINANCE:BTCUSDT,1726833860054,63432.15,0.00201
BINANCE:BTCUSDT,1726833860055,63432.15,0.11784
BINANCE:BTCUSDT,1726833860056,63432.15,0.002
BINANCE:BTCUSDT,1726833860101,63432.15,0.12723
BINANCE:BTCUSDT,1726833860134,63432.15,0.00384
BINANCE:BTCUSDT,1726833860538,63432.16,0.02035
BINANCE:BTCUSDT,1726833860563,63432.16,0.01565
BINANCE:BTCUSDT,1726833861061,63432.16,0.01103
BINANCE:BTCUSDT,1726833861105,63432.15,0.03773
BINANCE:BTCUSDT,1726833861115,63432.15,0.00025
BINANCE:BTCUSDT,1726833861533,63432.15,0.0023
BINANCE:BTCUSDT,1726833861534,63432.16,0.0023
BINANCE:BTCUSDT,1726833862020,63432.15,0.00396
BINANCE:BTCUSDT,1726833862706,63432.16,0.00047
BINANCE:BTCUSDT,1726833862902,63432.16,0.04615
BINANCE:BTCUSDT,1726833862990,63432.16,0.00025
BINANCE:BTCUSDT,1726833863534,63432.15,0.00021
BINANCE:BTCUSDT,1726833863928,63432.15,0.00125
BINANCE:BTCUSDT,1726833864417,63432.16,0.03152
BINANCE:BTCUSDT,1726833864425,63432.15,0.00223
BINANCE:BTCUSDT,1726833865108,63432.15,0.00133
BINANCE:BTCUSDT,1726833865173,63432.15,0.00079
BINANCE:BTCUSDT,1726833865421,63432.15,0.00492
BINANCE:BTCUSDT,1726833865429,63432.12,0.00027
BINANCE:BTCUSDT,1726833865455,63432.01,0.00374
BINANCE:BTCUSDT,1726833866107,63432.0,0.00027
BINANCE:BTCUSDT,1726833866421,63432.0,0.96185
BINANCE:BTCUSDT,1726833866930,63432.0,0.00053
BINANCE:BTCUSDT,1726833867041,63432.0,0.00982
BINANCE:BTCUSDT,1726833867180,63432.0,0.00492
BINANCE:BTCUSDT,1726833867181,63432.0,0.00688
BINANCE:BTCUSDT,1726833867182,63432.0,0.00284
BINANCE:BTCUSDT,1726833867183,63432.0,0.00159
BINANCE:BTCUSDT,1726833867184,63432.0,0.00455
BINANCE:BTCUSDT,1726833867185,63432.0,0.00455
BINANCE:BTCUSDT,1726833867186,63432.01,0.0065
BINANCE:BTCUSDT,1726833867188,63432.01,0.0065
BINANCE:BTCUSDT,1726833867189,63432.0,0.01138
BINANCE:BTCUSDT,1726833867190,63432.01,0.00053
BINANCE:BTCUSDT,1726833867192,63432.0,0.01088
BINANCE:BTCUSDT,1726833867244,63432.01,0.00046
BINANCE:BTCUSDT,1726833867422,63432.0,0.00586
BINANCE:BTCUSDT,1726833867497,63432.0,0.00057
BINANCE:BTCUSDT,1726833868207,63432.01,0.00585
BINANCE:BTCUSDT,1726833868419,63432.0,0.00157
BINANCE:BTCUSDT,1726833868928,63432.01,0.00012
BINANCE:BTCUSDT,1726833869421,63430.25,0.006
BINANCE:BTCUSDT,1726833869426,63429.21,0.00081
BINANCE:BTCUSDT,1726833869955,63429.21,0.00049
BINANCE:BTCUSDT,1726833870123,63429.22,0.01565
BINANCE:BTCUSDT,1726833870422,63424.0,0.006
BINANCE:BTCUSDT,1726833870601,63423.64,0.00045
BINANCE:BTCUSDT,1726833870707,63423.65,0.00101
BINANCE:BTCUSDT,1726833871147,63423.65,0.07874
BINANCE:BTCUSDT,1726833871149,63423.65,0.07889
BINANCE:BTCUSDT,1726833871419,63422.0,0.006
BINANCE:BTCUSDT,1726833871420,63417.22,0.00105
BINANCE:BTCUSDT,1726833871444,63417.23,0.00015
BINANCE:BTCUSDT,1726833871456,63417.23,0.00877
BINANCE:BTCUSDT,1726833871483,63417.23,0.01565
BINANCE:BTCUSDT,1726833872422,63417.09,0.0046
BINANCE:BTCUSDT,1726833872512,63416.51,0.00036
BINANCE:BTCUSDT,1726833873143,63416.5,0.0036
BINANCE:BTCUSDT,1726833873219,63416.5,0.01301
BINANCE:BTCUSDT,1726833873421,63416.5,0.14734
BINANCE:BTCUSDT,1726833873430,63416.5,0.0004
BINANCE:BTCUSDT,1726833873508,63416.02,0.01661
BINANCE:BTCUSDT,1726833873758,63416.01,0.00015
BINANCE:BTCUSDT,1726833874007,63416.01,0.00013
BINANCE:BTCUSDT,1726833874012,63416.02,0.01988
BINANCE:BTCUSDT,1726833874174,63416.01,0.00746
BINANCE:BTCUSDT,1726833874444,63416.01,0.03353
BINANCE:BTCUSDT,1726833874662,63416.02,9e-05
BINANCE:BTCUSDT,1726833875765,63416.02,0.00157
BINANCE:BTCUSDT,1726833876445,63416.01,0.03352
BINANCE:BTCUSDT,1726833876516,63416.01,0.00012
BINANCE:BTCUSDT,1726833876763,63416.02,0.00015
BINANCE:BTCUSDT,1726833876807,63416.01,0.00016
BINANCE:BTCUSDT,1726833877144,63416.0,0.0077
BINANCE:BTCUSDT,1726833877146,63416.0,0.00033
BINANCE:BTCUSDT,1726833877148,63414.02,9e-05
BINANCE:BTCUSDT,1726833877149,63413.84,0.00583
BINANCE:BTCUSDT,1726833877151,63413.83,0.06277
BINANCE:BTCUSDT,1726833877162,63413.5,0.0001
BINANCE:BTCUSDT,1726833877171,63413.0,0.00089
BINANCE:BTCUSDT,1726833877191,63413.0,0.0001
BINANCE:BTCUSDT,1726833877194,63413.0,0.0001
BINANCE:BTCUSDT,1726833877218,63412.97,0.0001
BINANCE:BTCUSDT,1726833877235,63412.97,0.56172
BINANCE:BTCUSDT,1726833877236,63412.97,1.10891
BINANCE:BTCUSDT,1726833877237,63412.97,0.26004
BINANCE:BTCUSDT,1726833877238,63412.97,1.30416
BINANCE:BTCUSDT,1726833877239,63412.97,5.33657
BINANCE:BTCUSDT,1726833877240,63412.97,2.08456
BINANCE:BTCUSDT,1726833877241,63412.96,0.0001
BINANCE:BTCUSDT,1726833877243,63412.01,0.006
BINANCE:BTCUSDT,1726833877249,63410.95,0.001
BINANCE:BTCUSDT,1726833877250,63410.41,0.00725
BINANCE:BTCUSDT,1726833877251,63408.0,0.006
BINANCE:BTCUSDT,1726833877252,63406.01,0.006
BINANCE:BTCUSDT,1726833877253,63404.34,0.0063
BINANCE:BTCUSDT,1726833877264,63403.58,0.001
BINANCE:BTCUSDT,1726833877271,63402.01,0.00666
BINANCE:BTCUSDT,1726833877272,63401.95,9e-05
BINANCE:BTCUSDT,1726833877275,63401.28,0.0304
BINANCE:BTCUSDT,1726833877296,63401.22,0.00398
BINANCE:BTCUSDT,1726833877299,63400.31,0.00471
BINANCE:BTCUSDT,1726833877302,63400.01,0.00012
BINANCE:BTCUSDT,1726833877313,63400.0,0.0683
BINANCE:BTCUSDT,1726833877343,63400.01,0.01344
BINANCE:BTCUSDT,1726833877411,63400.0,0.006
BINANCE:BTCUSDT,1726833877443,63400.0,0.03352
BINANCE:BTCUSDT,1726833877677,63400.01,0.00036
BINANCE:BTCUSDT,1726833877799,63400.01,0.00752
BINANCE:BTCUSDT,1726833877840,63400.0,0.00039
BINANCE:BTCUSDT,1726833877859,63400.01,0.00236
BINANCE:BTCUSDT,1726833878002,63400.0,0.00062
BINANCE:BTCUSDT,1726833878011,63400.01,0.01566
BINANCE:BTCUSDT,1726833878144,63400.01,0.00024
BINANCE:BTCUSDT,1726833878215,63400.01,0.02013
BINANCE:BTCUSDT,1726833878335,63400.01,0.01426
BINANCE:BTCUSDT,1726833878408,63400.01,0.00062
BINANCE:BTCUSDT,1726833878452,63400.01,0.00524
BINANCE:BTCUSDT,1726833878469,63400.01,0.02599
BINANCE:BTCUSDT,1726833878486,63400.01,0.02948
BINANCE:BTCUSDT,1726833878502,63402.0,0.00034
BINANCE:BTCUSDT,1726833878520,63402.0,0.00394
BINANCE:BTCUSDT,1726833878536,63402.0,0.02599
BINANCE:BTCUSDT,1726833878552,63402.0,0.0001
BINANCE:BTCUSDT,1726833878554,63402.97,0.00019
BINANCE:BTCUSDT,1726833878560,63402.97,0.00315
BINANCE:BTCUSDT,1726833878565,63402.97,0.00315
BINANCE:BTCUSDT,1726833878567,63403.17,0.0003
BINANCE:BTCUSDT,1726833878569,63403.17,0.00623
BINANCE:BTCUSDT,1726833878572,63403.17,0.00315
BINANCE:BTCUSDT,1726833878576,63403.17,0.0001
BINANCE:BTCUSDT,1726833878580,63403.32,0.00012
BINANCE:BTCUSDT,1726833878583,63403.32,0.00012
BINANCE:BTCUSDT,1726833878586,63403.43,0.0001
BINANCE:BTCUSDT,1726833878594,63403.43,0.0001
BINANCE:BTCUSDT,1726833878603,63403.97,0.00012
BINANCE:BTCUSDT,1726833878604,63403.97,0.00012
BINANCE:BTCUSDT,1726833878605,63403.99,0.00028
BINANCE:BTCUSDT,1726833878634,63404.0,0.01697
BINANCE:BTCUSDT,1726833878663,63404.0,0.00058
BINANCE:BTCUSDT,1726833878673,63404.0,0.02714
BINANCE:BTCUSDT,1726833878685,63404.0,0.00157
BINANCE:BTCUSDT,1726833878702,63404.0,0.0001
BINANCE:BTCUSDT,1726833878714,63404.0,0.0001
BINANCE:BTCUSDT,1726833878715,63405.98,0.00012
BINANCE:BTCUSDT,1726833878717,63405.99,0.00012
BINANCE:BTCUSDT,1726833878718,63406.89,0.00039
BINANCE:BTCUSDT,1726833878723,63407.99,0.00012
BINANCE:BTCUSDT,1726833878724,63409.32,0.0004
BINANCE:BTCUSDT,1726833878725,63409.32,0.0004
BINANCE:BTCUSDT,1726833878732,63409.33,0.00012
BINANCE:BTCUSDT,1726833878740,63409.99,0.00034
BINANCE:BTCUSDT,1726833878741,63410.0,0.0002
BINANCE:BTCUSDT,1726833878754,63410.0,0.0327
BINANCE:BTCUSDT,1726833878770,63410.0,0.03173
BINANCE:BTCUSDT,1726833878787,63410.0,0.01487
BINANCE:BTCUSDT,1726833878804,63410.0,0.02574
BINANCE:BTCUSDT,1726833878833,63409.99,0.00199
BINANCE:BTCUSDT,1726833878853,63410.0,0.0075
BINANCE:BTCUSDT,1726833878892,63410.0,0.0232
BINANCE:BTCUSDT,1726833878897,63410.0,0.011
BINANCE:BTCUSDT,1726833878936,63410.0,0.00449
BINANCE:BTCUSDT,1726833878984,63410.0,0.03246
BINANCE:BTCUSDT,1726833878985,63410.0,0.00752
BINANCE:BTCUSDT,1726833879000,63410.0,9e-05
BINANCE:BTCUSDT,1726833879002,63411.09,0.0001
BINANCE:BTCUSDT,1726833879091,63411.1,0.00495
BINANCE:BTCUSDT,1726833879104,63411.1,0.0001
BINANCE:BTCUSDT,1726833879152,63411.09,0.0068
BINANCE:BTCUSDT,1726833879153,63411.09,0.0068
BINANCE:BTCUSDT,1726833879475,63411.1,0.0016
BINANCE:BTCUSDT,1726833880376,63411.1,0.0001
BINANCE:BTCUSDT,1726833880377,63411.1,0.0029
BINANCE:BTCUSDT,1726833880509,63411.1,0.00559
BINANCE:BTCUSDT,1726833880511,63411.7,0.0001
BINANCE:BTCUSDT,1726833880515,63411.97,0.00012
BINANCE:BTCUSDT,1726833880516,63411.99,0.00012
BINANCE:BTCUSDT,1726833880525,63412.0,0.03326
BINANCE:BTCUSDT,1726833880541,63412.0,0.02947
BINANCE:BTCUSDT,1726833880550,63413.99,0.00012
BINANCE:BTCUSDT,1726833880551,63414.0,0.00024
BINANCE:BTCUSDT,1726833880636,63414.0,0.0315
BINANCE:BTCUSDT,1726833881809,63414.0,0.00054
BINANCE:BTCUSDT,1726833881810,63414.0,0.00772
BINANCE:BTCUSDT,1726833881815,63414.0,0.00354
BINANCE:BTCUSDT,1726833881817,63414.74,0.00012
BINANCE:BTCUSDT,1726833881825,63415.5,0.0001
BINANCE:BTCUSDT,1726833881996,63415.5,0.03044
BINANCE:BTCUSDT,1726833882014,63415.5,0.03173
BINANCE:BTCUSDT,1726833882128,63415.5,0.02893
BINANCE:BTCUSDT,1726833882145,63415.5,0.00698
BINANCE:BTCUSDT,1726833882160,63415.5,0.03223
BINANCE:BTCUSDT,1726833882177,63415.5,0.0001
BINANCE:BTCUSDT,1726833882179,63416.0,0.00012
BINANCE:BTCUSDT,1726833882194,63416.0,0.00594
BINANCE:BTCUSDT,1726833882197,63416.01,0.00157
BINANCE:BTCUSDT,1726833882200,63416.88,0.00012
BINANCE:BTCUSDT,1726833882201,63417.09,0.00012
BINANCE:BTCUSDT,1726833882202,63417.23,0.0001
BINANCE:BTCUSDT,1726833882205,63417.68,0.00077
BINANCE:BTCUSDT,1726833882206,63418.42,0.006
BINANCE:BTCUSDT,1726833882209,63419.29,0.0001
BINANCE:BTCUSDT,1726833882211,63419.29,0.00089
BINANCE:BTCUSDT,1726833882216,63419.29,0.00034
BINANCE:BTCUSDT,1726833882221,63419.98,0.00013
BINANCE:BTCUSDT,1726833882226,63419.99,0.02732
BINANCE:BTCUSDT,1726833882250,63419.99,0.01623
BINANCE:BTCUSDT,1726833882261,63419.99,0.00012
BINANCE:BTCUSDT,1726833882267,63420.0,0.006
BINANCE:BTCUSDT,1726833882276,63420.0,0.00034
BINANCE:BTCUSDT,1726833882277,63421.19,0.0001
BINANCE:BTCUSDT,1726833882279,63421.19,0.00063
BINANCE:BTCUSDT,1726833882280,63421.19,0.00064
BINANCE:BTCUSDT,1726833882284,63421.19,0.00229
BINANCE:BTCUSDT,1726833882286,63422.0,0.00026
BINANCE:BTCUSDT,1726833882349,63422.0,0.006
BINANCE:BTCUSDT,1726833882366,63422.0,0.03084
BINANCE:BTCUSDT,1726833882382,63422.0,0.02916
BINANCE:BTCUSDT,1726833882398,63422.0,0.00626
BINANCE:BTCUSDT,1726833882692,63423.98,0.00012
BINANCE:BTCUSDT,1726833882696,63423.99,0.00012
BINANCE:BTCUSDT,1726833882697,63424.0,0.00028
BINANCE:BTCUSDT,1726833882702,63424.0,0.00042
BINANCE:BTCUSDT,1726833882706,63424.0,0.0075
BINANCE:BTCUSDT,1726833882709,63424.65,0.00012
BINANCE:BTCUSDT,1726833882715,63424.66,0.0002
BINANCE:BTCUSDT,1726833882727,63424.66,0.0001
BINANCE:BTCUSDT,1726833882731,63426.0,0.00107
BINANCE:BTCUSDT,1726833882746,63427.99,0.00487
BINANCE:BTCUSDT,1726833882750,63428.54,0.0001
BINANCE:BTCUSDT,1726833882764,63429.04,0.0001
BINANCE:BTCUSDT,1726833882790,63429.54,0.00023
BINANCE:BTCUSDT,1726833882834,63429.55,0.00012
BINANCE:BTCUSDT,1726833882914,63429.55,0.05138
BINANCE:BTCUSDT,1726833883437,63429.54,0.00017
BINANCE:BTCUSDT,1726833883509,63429.55,0.00487
BINANCE:BTCUSDT,1726833883582,63429.54,0.0103
BINANCE:BTCUSDT,1726833883999,63429.55,0.0002
BINANCE:BTCUSDT,1726833884589,63429.55,0.00411
BINANCE:BTCUSDT,1726833884590,63429.55,0.00528
BINANCE:BTCUSDT,1726833884592,63429.55,0.00709
BINANCE:BTCUSDT,1726833884593,63429.55,0.00713
BINANCE:BTCUSDT,1726833884594,63429.55,0.0019
BINANCE:BTCUSDT,1726833884767,63429.55,0.02956
BINANCE:BTCUSDT,1726833885088,63429.55,0.00394
BINANCE:BTCUSDT,1726833885098,63429.55,0.16
BINANCE:BTCUSDT,1726833885162,63429.55,0.00315
BINANCE:BTCUSDT,1726833885170,63429.55,0.00315
BINANCE:BTCUSDT,1726833885177,63429.55,0.00315
BINANCE:BTCUSDT,1726833885182,63429.55,0.00315
BINANCE:BTCUSDT,1726833885235,63429.55,0.00787
BINANCE:BTCUSDT,1726833885245,63429.55,0.03175
BINANCE:BTCUSDT,1726833885268,63429.55,0.59056
BINANCE:BTCUSDT,1726833885269,63430.0,0.00012
BINANCE:BTCUSDT,1726833885270,63430.0,0.00454
BINANCE:BTCUSDT,1726833885271,63432.15,0.10542
BINANCE:BTCUSDT,1726833885272,63434.0,0.05628
BINANCE:BTCUSDT,1726833885273,63434.0,0.006
BINANCE:BTCUSDT,1726833885274,63435.99,0.00728
BINANCE:BTCUSDT,1726833885279,63436.97,0.0003
BINANCE:BTCUSDT,1726833885282,63436.97,0.07884
BINANCE:BTCUSDT,1726833885291,63436.97,0.00157
BINANCE:BTCUSDT,1726833885296,63436.97,0.00151
BINANCE:BTCUSDT,1726833885298,63437.98,0.0001
BINANCE:BTCUSDT,1726833885306,63437.99,0.0001
BINANCE:BTCUSDT,1726833885316,63437.99,0.034
BINANCE:BTCUSDT,1726833885343,63437.99,0.00076
BINANCE:BTCUSDT,1726833885506,63437.99,0.00038
BINANCE:BTCUSDT,1726833885515,63437.99,0.00034
BINANCE:BTCUSDT,1726833885890,63437.99,0.00434
BINANCE:BTCUSDT,1726833886260,63437.99,0.00989
BINANCE:BTCUSDT,1726833886350,63437.99,0.00394
BINANCE:BTCUSDT,1726833887788,63437.99,0.00039
BINANCE:BTCUSDT,1726833888517,63437.98,0.00014
BINANCE:BTCUSDT,1726833888589,63437.99,0.00045
BINANCE:BTCUSDT,1726833888656,63437.98,0.0004
BINANCE:BTCUSDT,1726833888667,63437.99,0.00055
BINANCE:BTCUSDT,1726833889195,63437.98,0.00544
BINANCE:BTCUSDT,1726833889234,63437.99,7e-05
BINANCE:BTCUSDT,1726833889296,63437.99,0.0001
BINANCE:BTCUSDT,1726833889325,63437.99,0.00203
BINANCE:BTCUSDT,1726833889406,63437.99,0.00014
BINANCE:BTCUSDT,1726833889450,63437.99,0.00044
BINANCE:BTCUSDT,1726833889976,63437.98,0.00029
BINANCE:BTCUSDT,1726833890044,63437.99,0.0008
BINANCE:BTCUSDT,1726833890059,63437.98,0.00019
BINANCE:BTCUSDT,1726833890067,63437.99,0.00091
BINANCE:BTCUSDT,1726833890278,63437.98,0.00157
BINANCE:BTCUSDT,1726833890437,63437.98,0.00315
BINANCE:BTCUSDT,1726833890555,63437.99,0.0002
BINANCE:BTCUSDT,1726833890644,63437.99,0.00685
BINANCE:BTCUSDT,1726833890798,63437.98,0.01
BINANCE:BTCUSDT,1726833890802,63437.99,0.00668
BINANCE:BTCUSDT,1726833891004,63437.98,0.00206
BINANCE:BTCUSDT,1726833891168,63437.98,0.00044
BINANCE:BTCUSDT,1726833891206,63437.99,0.00059
BINANCE:BTCUSDT,1726833891606,63437.99,0.00015
BINANCE:BTCUSDT,1726833891901,63437.98,0.001
BINANCE:BTCUSDT,1726833892289,63437.98,0.0002
BINANCE:BTCUSDT,1726833892490,63437.98,0.0014
BINANCE:BTCUSDT,1726833893013,63437.98,0.00082
BINANCE:BTCUSDT,1726833893092,63437.98,0.0007
BINANCE:BTCUSDT,1726833893303,63437.98,0.03172
BINANCE:BTCUSDT,1726833893401,63437.98,0.00025
BINANCE:BTCUSDT,1726833894055,63437.99,0.01354
BINANCE:BTCUSDT,1726833894248,63437.98,0.00018
BINANCE:BTCUSDT,1726833894543,63437.99,0.00063
BINANCE:BTCUSDT,1726833894803,63437.99,0.00363
BINANCE:BTCUSDT,1726833894810,63437.98,0.00037
BINANCE:BTCUSDT,1726833894854,63437.98,0.02488
BINANCE:BTCUSDT,1726833895590,63437.99,0.00016
BINANCE:BTCUSDT,1726833896023,63437.99,0.00399
BINANCE:BTCUSDT,1726833896055,63437.99,0.01353
BINANCE:BTCUSDT,1726833896367,63437.98,0.00015
BINANCE:BTCUSDT,1726833896403,63437.98,0.04047
BINANCE:BTCUSDT,1726833896406,63437.98,0.00053
BINANCE:BTCUSDT,1726833896602,63437.98,0.00035
BINANCE:BTCUSDT,1726833896674,63437.98,0.0001
BINANCE:BTCUSDT,1726833897056,63437.99,0.01353
BINANCE:BTCUSDT,1726833898344,63437.98,0.00197
BINANCE:BTCUSDT,1726833898937,63437.98,0.00023
BINANCE:BTCUSDT,1726833899120,63437.99,0.00591
BINANCE:BTCUSDT,1726833899341,63437.98,0.00986
BINANCE:BTCUSDT,1726833899438,63437.98,0.012
BINANCE:BTCUSDT,1726833899897,63437.98,0.00078
BINANCE:BTCUSDT,1726833900841,63437.99,0.02859
BINANCE:BTCUSDT,1726833900857,63437.99,0.03172
BINANCE:BTCUSDT,1726833900874,63437.99,0.03273
BINANCE:BTCUSDT,1726833900890,63437.99,0.03101
BINANCE:BTCUSDT,1726833900907,63437.99,0.00453
BINANCE:BTCUSDT,1726833900924,63437.99,0.00145
BINANCE:BTCUSDT,1726833900951,63437.98,0.00036
BINANCE:BTCUSDT,1726833901102,63437.98,0.00016
BINANCE:BTCUSDT,1726833901107,63437.99,0.00236
BINANCE:BTCUSDT,1726833901335,63437.98,0.00073
BINANCE:BTCUSDT,1726833901507,63437.99,0.00092
BINANCE:BTCUSDT,1726833901885,63437.98,0.00222
BINANCE:BTCUSDT,1726833902320,63437.99,0.00015
BINANCE:BTCUSDT,1726833902840,63437.98,0.00061
BINANCE:BTCUSDT,1726833902968,63437.98,0.00062
BINANCE:BTCUSDT,1726833903297,63437.98,0.00015
BINANCE:BTCUSDT,1726833903425,63437.42,9e-05
BINANCE:BTCUSDT,1726833903904,63437.43,0.00024
BINANCE:BTCUSDT,1726833904126,63437.42,8e-05
BINANCE:BTCUSDT,1726833904426,63437.43,0.00047
BINANCE:BTCUSDT,1726833904491,63437.43,0.00356
BINANCE:BTCUSDT,1726833904534,63437.42,9e-05
BINANCE:BTCUSDT,1726833904555,63437.42,0.00335
BINANCE:BTCUSDT,1726833904583,63437.42,0.00011
BINANCE:BTCUSDT,1726833904779,63437.43,0.00029
BINANCE:BTCUSDT,1726833905182,63437.42,0.00341
BINANCE:BTCUSDT,1726833905862,63437.42,0.00015
BINANCE:BTCUSDT,1726833905878,63437.43,0.00018
BINANCE:BTCUSDT,1726833906187,63437.43,0.00029
BINANCE:BTCUSDT,1726833906791,63437.42,0.00185
BINANCE:BTCUSDT,1726833907727,63437.42,0.10064
BINANCE:BTCUSDT,1726833907728,63437.42,0.00563
BINANCE:BTCUSDT,1726833907729,63435.17,0.0032
BINANCE:BTCUSDT,1726833907730,63434.82,0.00013
BINANCE:BTCUSDT,1726833907755,63434.0,0.00012
BINANCE:BTCUSDT,1726833907756,63432.01,0.00018
BINANCE:BTCUSDT,1726833907765,63432.0,0.00034
BINANCE:BTCUSDT,1726833907766,63432.0,0.00034
BINANCE:BTCUSDT,1726833907791,63430.01,0.00014
BINANCE:BTCUSDT,1726833907795,63430.0,0.00301
BINANCE:BTCUSDT,1726833907805,63429.54,0.00024
BINANCE:BTCUSDT,1726833907806,63428.01,0.00016
BINANCE:BTCUSDT,1726833907938,63428.0,0.00029
BINANCE:BTCUSDT,1726833908005,63428.01,0.00034
BINANCE:BTCUSDT,1726833908483,63428.0,0.00032
BINANCE:BTCUSDT,1726833908509,63428.01,0.07889
BINANCE:BTCUSDT,1726833908513,63428.01,0.00295
BINANCE:BTCUSDT,1726833908814,63428.01,0.00876
BINANCE:BTCUSDT,1726833908839,63428.01,0.00141
BINANCE:BTCUSDT,1726833910675,63428.0,0.00019
BINANCE:BTCUSDT,1726833910732,63428.01,0.00088
BINANCE:BTCUSDT,1726833912014,63428.0,0.00504
BINANCE:BTCUSDT,1726833912078,63428.0,0.00113
BINANCE:BTCUSDT,1726833912106,63428.0,0.00149
BINANCE:BTCUSDT,1726833912562,63428.0,0.00172
BINANCE:BTCUSDT,1726833913494,63428.01,0.00083
BINANCE:BTCUSDT,1726833914382,63428.0,0.0001
BINANCE:BTCUSDT,1726833914445,63428.0,0.00035
BINANCE:BTCUSDT,1726833915143,63428.0,0.00039
BINANCE:BTCUSDT,1726833915519,63428.01,0.00157
BINANCE:BTCUSDT,1726833915522,63428.01,0.001
BINANCE:BTCUSDT,1726833915523,63428.7,9e-05
BINANCE:BTCUSDT,1726833915525,63428.88,0.00155
BINANCE:BTCUSDT,1726833915526,63428.88,0.01864
BINANCE:BTCUSDT,1726833915527,63428.88,0.00394
BINANCE:BTCUSDT,1726833915536,63428.88,0.00315
BINANCE:BTCUSDT,1726833915540,63428.88,0.00315
BINANCE:BTCUSDT,1726833915544,63428.88,0.00315
BINANCE:BTCUSDT,1726833915546,63428.88,0.00315
BINANCE:BTCUSDT,1726833915549,63428.88,0.00315
BINANCE:BTCUSDT,1726833915550,63429.79,0.00774
BINANCE:BTCUSDT,1726833915565,63429.79,0.01321
BINANCE:BTCUSDT,1726833915571,63431.17,0.0003
BINANCE:BTCUSDT,1726833915581,63431.17,0.0001
BINANCE:BTCUSDT,1726833915595,63431.16,0.001
BINANCE:BTCUSDT,1726833915598,63431.17,0.03065
BINANCE:BTCUSDT,1726833915615,63431.17,0.03134
BINANCE:BTCUSDT,1726833915620,63431.17,0.0001
BINANCE:BTCUSDT,1726833915623,63431.97,0.0001
BINANCE:BTCUSDT,1726833915632,63431.99,0.0002
BINANCE:BTCUSDT,1726833915640,63432.88,0.00012
BINANCE:BTCUSDT,1726833915648,63432.88,0.0001
BINANCE:BTCUSDT,1726833915666,63432.88,0.0001
BINANCE:BTCUSDT,1726833915667,63432.88,0.00169
BINANCE:BTCUSDT,1726833915675,63432.88,0.01338
BINANCE:BTCUSDT,1726833915683,63432.88,0.03225
BINANCE:BTCUSDT,1726833915714,63432.87,0.001
BINANCE:BTCUSDT,1726833915858,63432.87,0.00018
BINANCE:BTCUSDT,1726833915902,63432.87,0.0018
BINANCE:BTCUSDT,1726833916231,63432.87,0.02485
BINANCE:BTCUSDT,1726833916399,63432.87,0.00013
BINANCE:BTCUSDT,1726833916908,63432.88,0.0001
BINANCE:BTCUSDT,1726833916909,63432.88,0.00023
BINANCE:BTCUSDT,1726833917002,63432.87,0.00076
BINANCE:BTCUSDT,1726833917052,63432.88,0.00216
BINANCE:BTCUSDT,1726833917288,63432.87,0.00104
BINANCE:BTCUSDT,1726833917328,63432.87,0.00265
BINANCE:BTCUSDT,1726833917329,63432.87,0.00265
BINANCE:BTCUSDT,1726833917345,63432.88,0.00017
BINANCE:BTCUSDT,1726833917853,63434.0,0.00012
BINANCE:BTCUSDT,1726833917943,63433.99,0.00158
BINANCE:BTCUSDT,1726833918144,63434.0,0.00968
BINANCE:BTCUSDT,1726833918508,63434.0,0.00364
BINANCE:BTCUSDT,1726833919003,63433.99,0.0586
BINANCE:BTCUSDT,1726833919084,63434.0,0.0001
BINANCE:BTCUSDT,1726833919085,63434.0,0.01891
BINANCE:BTCUSDT,1726833919090,63434.0,0.00043
BINANCE:BTCUSDT,1726833919091,63435.63,0.00012
BINANCE:BTCUSDT,1726833919092,63435.85,0.00018
BINANCE:BTCUSDT,1726833919223,63435.85,0.00314
BINANCE:BTCUSDT,1726833919329,63435.84,0.014
BINANCE:BTCUSDT,1726833919741,63435.85,0.00383
BINANCE:BTCUSDT,1726833919763,63435.84,0.0005
BINANCE:BTCUSDT,1726833919779,63435.84,0.0015
BINANCE:BTCUSDT,1726833920143,63435.85,0.00968
BINANCE:BTCUSDT,1726833920192,63435.85,0.0001
BINANCE:BTCUSDT,1726833920201,63435.85,0.08
BINANCE:BTCUSDT,1726833920202,63435.85,0.04
BINANCE:BTCUSDT,1726833920203,63435.85,0.03073
BINANCE:BTCUSDT,1726833920218,63435.85,0.00504
BINANCE:BTCUSDT,1726833920220,63435.94,0.0001
BINANCE:BTCUSDT,1726833920232,63435.98,0.00012
BINANCE:BTCUSDT,1726833920235,63435.99,9e-05
BINANCE:BTCUSDT,1726833920237,63436.0,0.00034
BINANCE:BTCUSDT,1726833920248,63437.41,0.00012
BINANCE:BTCUSDT,1726833920250,63437.42,0.00034
BINANCE:BTCUSDT,1726833920281,63437.42,0.03432
BINANCE:BTCUSDT,1726833920297,63437.42,0.00766
BINANCE:BTCUSDT,1726833920331,63437.42,0.0307
BINANCE:BTCUSDT,1726833920347,63437.42,0.03209
BINANCE:BTCUSDT,1726833920353,63437.42,0.00775
BINANCE:BTCUSDT,1726833920363,63437.42,0.01887
BINANCE:BTCUSDT,1726833920381,63437.42,0.00721
BINANCE:BTCUSDT,1726833920383,63437.42,0.00034
BINANCE:BTCUSDT,1726833920416,63437.43,0.00513
BINANCE:BTCUSDT,1726833920417,63437.43,0.00132
BINANCE:BTCUSDT,1726833920429,63437.43,0.01698
BINANCE:BTCUSDT,1726833920449,63437.43,0.00232
BINANCE:BTCUSDT,1726833920761,63437.43,0.00173
BINANCE:BTCUSDT,1726833920941,63437.99,0.0054
BINANCE:BTCUSDT,1726833920942,63437.99,0.00012
BINANCE:BTCUSDT,1726833920945,63437.99,0.00012
BINANCE:BTCUSDT,1726833920960,63438.0,0.006
BINANCE:BTCUSDT,1726833920962,63440.0,0.00029
BINANCE:BTCUSDT,1726833920988,63440.0,0.00046
BINANCE:BTCUSDT,1726833921002,63439.99,0.00083
BINANCE:BTCUSDT,1726833921143,63440.0,0.00043
BINANCE:BTCUSDT,1726833921210,63440.0,0.00052
BINANCE:BTCUSDT,1726833921408,63439.99,0.00012
BINANCE:BTCUSDT,1726833921698,63440.0,0.00236
BINANCE:BTCUSDT,1726833921714,63440.0,0.00519
BINANCE:BTCUSDT,1726833921841,63439.99,0.00023
BINANCE:BTCUSDT,1726833922007,63440.0,0.00047
BINANCE:BTCUSDT,1726833922060,63439.99,0.0001
BINANCE:BTCUSDT,1726833922062,63440.0,0.00295
BINANCE:BTCUSDT,1726833922886,63440.0,0.006
BINANCE:BTCUSDT,1726833924005,63439.99,0.06703
BINANCE:BTCUSDT,1726833924631,63440.0,0.00235
BINANCE:BTCUSDT,1726833924647,63440.62,0.0001
BINANCE:BTCUSDT,1726833924664,63440.62,0.00559
BINANCE:BTCUSDT,1726833924666,63440.63,0.00012
BINANCE:BTCUSDT,1726833924681,63440.63,0.03215
BINANCE:BTCUSDT,1726833924697,63440.63,0.02535
BINANCE:BTCUSDT,1726833924699,63441.28,0.00012
BINANCE:BTCUSDT,1726833924701,63441.28,0.00161
BINANCE:BTCUSDT,1726833924713,63441.28,0.03385
BINANCE:BTCUSDT,1726833924729,63441.28,0.00355
BINANCE:BTCUSDT,1726833924746,63441.28,0.0001
BINANCE:BTCUSDT,1726833924748,63441.98,0.0001
BINANCE:BTCUSDT,1726833924763,63441.99,9e-05
BINANCE:BTCUSDT,1726833924829,63441.99,0.00736
BINANCE:BTCUSDT,1726833924832,63441.99,0.00034
BINANCE:BTCUSDT,1726833924846,63441.99,0.01901
BINANCE:BTCUSDT,1726833924855,63442.0,0.00016
BINANCE:BTCUSDT,1726833924859,63442.0,0.00024
BINANCE:BTCUSDT,1726833924863,63442.0,0.006
BINANCE:BTCUSDT,1726833924879,63442.0,0.03393
BINANCE:BTCUSDT,1726833924895,63442.0,0.03211
BINANCE:BTCUSDT,1726833924909,63443.98,0.00012
BINANCE:BTCUSDT,1726833924912,63443.99,0.00214
BINANCE:BTCUSDT,1726833924930,63444.0,0.006
BINANCE:BTCUSDT,1726833924931,63444.0,0.04
BINANCE:BTCUSDT,1726833924933,63444.0,0.0001
BINANCE:BTCUSDT,1726833924935,63446.0,0.0002
BINANCE:BTCUSDT,1726833924995,63446.0,0.0078
BINANCE:BTCUSDT,1726833925014,63446.0,0.004
BINANCE:BTCUSDT,1726833925030,63446.0,0.01687
BINANCE:BTCUSDT,1726833925047,63446.0,0.03166
BINANCE:BTCUSDT,1726833925063,63446.0,0.00157
BINANCE:BTCUSDT,1726833925065,63447.99,0.00012
BINANCE:BTCUSDT,1726833925066,63448.0,0.00012
BINANCE:BTCUSDT,1726833925119,63448.0,0.006
BINANCE:BTCUSDT,1726833925152,63449.45,0.0003
BINANCE:BTCUSDT,1726833925253,63449.46,0.00151
BINANCE:BTCUSDT,1726833925735,63449.46,0.00034
BINANCE:BTCUSDT,1726833926690,63449.45,0.0002
BINANCE:BTCUSDT,1726833926798,63449.46,0.00038
BINANCE:BTCUSDT,1726833926814,63449.46,0.02981
BINANCE:BTCUSDT,1726833926830,63449.46,0.03221
BINANCE:BTCUSDT,1726833926847,63449.46,0.02943
BINANCE:BTCUSDT,1726833926863,63449.46,0.00038
BINANCE:BTCUSDT,1726833926865,63449.98,0.00023
BINANCE:BTCUSDT,1726833926870,63450.0,0.00029
BINANCE:BTCUSDT,1726833926880,63450.0,0.0005
BINANCE:BTCUSDT,1726833926897,63450.0,0.00219
BINANCE:BTCUSDT,1726833926914,63450.0,0.03153
BINANCE:BTCUSDT,1726833926930,63450.0,0.01559
BINANCE:BTCUSDT,1726833926963,63449.99,0.10196
BINANCE:BTCUSDT,1726833927322,63450.0,0.03092
BINANCE:BTCUSDT,1726833927438,63449.99,0.00304
BINANCE:BTCUSDT,1726833928002,63449.99,0.00079
BINANCE:BTCUSDT,1726833928769,63450.0,0.0002
BINANCE:BTCUSDT,1726833928926,63449.99,0.00012
BINANCE:BTCUSDT,1726833929035,63450.0,0.02599
BINANCE:BTCUSDT,1726833929052,63450.0,0.00531
BINANCE:BTCUSDT,1726833929062,63450.0,0.00295
BINANCE:BTCUSDT,1726833929082,63450.0,0.0002
BINANCE:BTCUSDT,1726833929167,63450.0,0.00119
BINANCE:BTCUSDT,1726833929184,63450.0,0.02841
BINANCE:BTCUSDT,1726833929200,63450.0,0.0079
BINANCE:BTCUSDT,1726833929215,63450.0,0.00435
BINANCE:BTCUSDT,1726833929232,63450.0,0.004
BINANCE:BTCUSDT,1726833929347,63450.0,0.00691
BINANCE:BTCUSDT,1726833929708,63450.0,0.00032
BINANCE:BTCUSDT,1726833929883,63449.99,0.0066
BINANCE:BTCUSDT,1726833930117,63450.0,0.00469
BINANCE:BTCUSDT,1726833930161,63450.0,0.00052
BINANCE:BTCUSDT,1726833930233,63450.0,0.00022
BINANCE:BTCUSDT,1726833930248,63450.0,0.03137
BINANCE:BTCUSDT,1726833930251,63450.0,0.0016
BINANCE:BTCUSDT,1726833930266,63450.0,0.00012
BINANCE:BTCUSDT,1726833930281,63450.0,0.0001
BINANCE:BTCUSDT,1726833930297,63450.0,0.0001
BINANCE:BTCUSDT,1726833930309,63450.97,0.00034
BINANCE:BTCUSDT,1726833930310,63451.14,0.00012
BINANCE:BTCUSDT,1726833930314,63451.14,4e-05
BINANCE:BTCUSDT,1726833930316,63451.15,0.00034
BINANCE:BTCUSDT,1726833930422,63451.14,0.00024
BINANCE:BTCUSDT,1726833930607,63451.14,0.00017
BINANCE:BTCUSDT,1726833930961,63451.15,0.00078
BINANCE:BTCUSDT,1726833930995,63451.15,0.00157
BINANCE:BTCUSDT,1726833931363,63451.17,8e-05
BINANCE:BTCUSDT,1726833931378,63451.17,0.02599
BINANCE:BTCUSDT,1726833931727,63451.16,0.00112
BINANCE:BTCUSDT,1726833932527,63451.16,0.00315
BINANCE:BTCUSDT,1726833932989,63451.17,0.00238
BINANCE:BTCUSDT,1726833933338,63451.17,0.00452
BINANCE:BTCUSDT,1726833933340,63451.17,0.0001
BINANCE:BTCUSDT,1726833933472,63451.95,0.00034
BINANCE:BTCUSDT,1726833933473,63451.98,0.00014
BINANCE:BTCUSDT,1726833933476,63451.99,0.00022
BINANCE:BTCUSDT,1726833933481,63452.0,0.00029
BINANCE:BTCUSDT,1726833933502,63452.0,0.00749
BINANCE:BTCUSDT,1726833933504,63454.0,0.00023
BINANCE:BTCUSDT,1726833934010,63453.99,0.05064
BINANCE:BTCUSDT,1726833934204,63453.99,0.00066
BINANCE:BTCUSDT,1726833934496,63453.99,0.00622
BINANCE:BTCUSDT,1726833934901,63454.0,0.00029
BINANCE:BTCUSDT,1726833935293,63453.99,0.09823
BINANCE:BTCUSDT,1726833935305,63454.0,0.00352
BINANCE:BTCUSDT,1726833935489,63454.0,0.00018
BINANCE:BTCUSDT,1726833935591,63454.0,0.00016
BINANCE:BTCUSDT,1726833936745,63453.99,0.00157
BINANCE:BTCUSDT,1726833936766,63453.99,0.00012
BINANCE:BTCUSDT,1726833937197,63453.99,0.00201
BINANCE:BTCUSDT,1726833937712,63453.99,0.00474
BINANCE:BTCUSDT,1726833937746,63453.98,0.0016
BINANCE:BTCUSDT,1726833938401,63453.98,0.00361
BINANCE:BTCUSDT,1726833938877,63453.98,0.00051
BINANCE:BTCUSDT,1726833939149,63453.99,0.00079
BINANCE:BTCUSDT,1726833939667,63453.99,0.00425
BINANCE:BTCUSDT,1726833941667,63453.99,0.00425
BINANCE:BTCUSDT,1726833942667,63453.99,0.00425
BINANCE:BTCUSDT,1726833942771,63453.98,0.00026
BINANCE:BTCUSDT,1726833943035,63453.98,0.0033
BINANCE:BTCUSDT,1726833943043,63453.99,0.00134
BINANCE:BTCUSDT,1726833943289,63453.99,0.0003
BINANCE:BTCUSDT,1726833943654,63453.98,0.00021
BINANCE:BTCUSDT,1726833944007,63453.98,0.00014
BINANCE:BTCUSDT,1726833944255,63453.99,0.00145
BINANCE:BTCUSDT,1726833944366,63453.99,0.00062
BINANCE:BTCUSDT,1726833944513,63453.98,0.00011
BINANCE:BTCUSDT,1726833944640,63453.98,0.0132
BINANCE:BTCUSDT,1726833945153,63453.98,0.00507
BINANCE:BTCUSDT,1726833945682,63453.99,0.00236
BINANCE:BTCUSDT,1726833946103,63453.98,0.00016
BINANCE:BTCUSDT,1726833946307,63453.99,0.00355
BINANCE:BTCUSDT,1726833946327,63453.99,0.00011
BINANCE:BTCUSDT,1726833946606,63453.98,0.00373
BINANCE:BTCUSDT,1726833946725,63453.98,0.20319
BINANCE:BTCUSDT,1726833946728,63453.98,0.00089
BINANCE:BTCUSDT,1726833946902,63453.98,0.00014
BINANCE:BTCUSDT,1726833946965,63453.99,0.00201
BINANCE:BTCUSDT,1726833947390,63453.99,0.00029
BINANCE:BTCUSDT,1726833947597,63453.98,0.00059
BINANCE:BTCUSDT,1726833947617,63453.98,0.00591
BINANCE:BTCUSDT,1726833947633,63453.94,0.0001
BINANCE:BTCUSDT,1726833949161,63453.22,0.00157
BINANCE:BTCUSDT,1726833949228,63453.22,0.00063
BINANCE:BTCUSDT,1726833950223,63453.22,9e-05
BINANCE:BTCUSDT,1726833950657,63453.23,8e-05
BINANCE:BTCUSDT,1726833950815,63453.23,0.00237
BINANCE:BTCUSDT,1726833951389,63453.22,0.0007
BINANCE:BTCUSDT,1726833951581,63453.22,0.03914
BINANCE:BTCUSDT,1726833952407,63453.22,0.00073
BINANCE:BTCUSDT,1726833954020,63453.22,0.06933
BINANCE:BTCUSDT,1726833954601,63453.22,0.00019
BINANCE:BTCUSDT,1726833955209,63453.22,0.00019
BINANCE:BTCUSDT,1726833955707,63453.22,0.00032
BINANCE:BTCUSDT,1726833956343,63453.22,0.00027
BINANCE:BTCUSDT,1726833956426,63453.22,0.00012
BINANCE:BTCUSDT,1726833956591,63453.22,0.00179
BINANCE:BTCUSDT,1726833957152,63453.23,0.00086
BINANCE:BTCUSDT,1726833957285,63453.22,0.025
BINANCE:BTCUSDT,1726833957336,63453.23,0.2642
BINANCE:BTCUSDT,1726833957567,63453.22,0.00023
BINANCE:BTCUSDT,1726833957629,63453.23,0.01326
BINANCE:BTCUSDT,1726833957741,63453.22,0.00014
BINANCE:BTCUSDT,1726833957778,63453.22,0.00017
BINANCE:BTCUSDT,1726833959081,63453.22,0.06457
BINANCE:BTCUSDT,1726833959089,63453.23,0.0002
BINANCE:BTCUSDT,1726833959707,63453.23,0.00057
BINANCE:BTCUSDT,1726833960100,63453.22,0.00354
BINANCE:BTCUSDT,1726833960144,63453.23,0.00086
BINANCE:BTCUSDT,1726833960303,63453.23,0.00425
BINANCE:BTCUSDT,1726833960560,63453.2,0.00425
BINANCE:BTCUSDT,1726833960565,63452.14,0.00012
BINANCE:BTCUSDT,1726833960572,63451.2,0.00024
BINANCE:BTCUSDT,1726833960632,63450.96,0.00621
BINANCE:BTCUSDT,1726833960635,63449.45,0.00034
BINANCE:BTCUSDT,1726833960649,63448.0,0.0001
BINANCE:BTCUSDT,1726833960889,63446.01,0.00488
BINANCE:BTCUSDT,1726833961244,63446.01,0.00495
BINANCE:BTCUSDT,1726833961324,63446.01,0.00028
BINANCE:BTCUSDT,1726833961341,63446.0,0.0001
BINANCE:BTCUSDT,1726833961343,63444.7,0.0001
BINANCE:BTCUSDT,1726833961344,63444.33,9e-05
BINANCE:BTCUSDT,1726833961358,63444.32,0.0001
BINANCE:BTCUSDT,1726833961359,63444.01,0.00013
BINANCE:BTCUSDT,1726833961481,63444.0,0.00242
BINANCE:BTCUSDT,1726833961876,63444.01,0.00844
BINANCE:BTCUSDT,1726833961879,63444.01,0.00203
BINANCE:BTCUSDT,1726833961880,63444.01,0.00203
BINANCE:BTCUSDT,1726833962316,63444.01,0.00052
BINANCE:BTCUSDT,1726833962417,63444.01,0.00014
BINANCE:BTCUSDT,1726833962745,63443.7,0.00745
BINANCE:BTCUSDT,1726833962747,63442.17,0.00012
BINANCE:BTCUSDT,1726833962755,63442.02,0.00012
BINANCE:BTCUSDT,1726833962756,63442.01,0.00024
BINANCE:BTCUSDT,1726833962758,63442.0,0.00724
BINANCE:BTCUSDT,1726833962760,63442.0,0.00034
BINANCE:BTCUSDT,1726833962923,63440.0,0.00666
BINANCE:BTCUSDT,1726833962935,63438.33,0.0001
BINANCE:BTCUSDT,1726833962936,63438.01,0.00012
BINANCE:BTCUSDT,1726833962993,63438.0,0.00507
BINANCE:BTCUSDT,1726833962995,63436.01,0.00012
BINANCE:BTCUSDT,1726833963002,63436.0,0.00082
BINANCE:BTCUSDT,1726833963036,63434.01,0.006
BINANCE:BTCUSDT,1726833963043,63432.73,0.00047
BINANCE:BTCUSDT,1726833963044,63432.72,9e-05
BINANCE:BTCUSDT,1726833963067,63432.01,0.00012
BINANCE:BTCUSDT,1726833963267,63432.0,0.00102
BINANCE:BTCUSDT,1726833963860,63432.0,0.00195
BINANCE:BTCUSDT,1726833964076,63430.01,0.006
BINANCE:BTCUSDT,1726833964302,63430.0,0.00035
BINANCE:BTCUSDT,1726833964591,63430.01,0.00022
BINANCE:BTCUSDT,1726833965729,63429.97,9e-05
BINANCE:BTCUSDT,1726833965733,63428.89,0.00016
BINANCE:BTCUSDT,1726833965758,63428.88,0.00034
BINANCE:BTCUSDT,1726833965768,63428.01,0.00024
BINANCE:BTCUSDT,1726833965772,63428.01,0.00034
BINANCE:BTCUSDT,1726833965773,63428.01,0.00034
BINANCE:BTCUSDT,1726833965793,63428.01,0.00012
BINANCE:BTCUSDT,1726833965804,63428.0,0.006
BINANCE:BTCUSDT,1726833965806,63428.0,2e-05
BINANCE:BTCUSDT,1726833965808,63427.59,0.00177
BINANCE:BTCUSDT,1726833965811,63427.58,0.00168
BINANCE:BTCUSDT,1726833965820,63426.81,0.00015
BINANCE:BTCUSDT,1726833965825,63426.62,9e-05
BINANCE:BTCUSDT,1726833965834,63426.01,0.00012
BINANCE:BTCUSDT,1726833965863,63424.01,0.00334
BINANCE:BTCUSDT,1726833965866,63424.0,0.0069
BINANCE:BTCUSDT,1726833965889,63423.81,0.00112
BINANCE:BTCUSDT,1726833965890,63423.8,0.00017
BINANCE:BTCUSDT,1726833965958,63422.01,0.00012
BINANCE:BTCUSDT,1726833966000,63420.01,0.00012
BINANCE:BTCUSDT,1726833966201,63420.01,0.00298
BINANCE:BTCUSDT,1726833966441,63420.01,0.01565
BINANCE:BTCUSDT,1726833966462,63420.0,0.00024
BINANCE:BTCUSDT,1726833966700,63420.0,0.006
BINANCE:BTCUSDT,1726833966703,63418.02,0.0001
BINANCE:BTCUSDT,1726833966717,63418.01,0.00022
BINANCE:BTCUSDT,1726833966771,63417.45,0.00759
BINANCE:BTCUSDT,1726833966772,63417.44,0.0001
BINANCE:BTCUSDT,1726833966773,63416.0,0.0001
BINANCE:BTCUSDT,1726833966775,63415.15,0.01256
BINANCE:BTCUSDT,1726833966795,63414.01,0.006
BINANCE:BTCUSDT,1726833966857,63414.01,0.00315
BINANCE:BTCUSDT,1726833967777,63414.01,0.01566
BINANCE:BTCUSDT,1726833968041,63414.01,0.00207
BINANCE:BTCUSDT,1726833968082,63414.01,0.00078
BINANCE:BTCUSDT,1726833968379,63414.0,0.00366
BINANCE:BTCUSDT,1726833968872,63414.0,0.00596
BINANCE:BTCUSDT,1726833968879,63412.01,0.00012
BINANCE:BTCUSDT,1726833968880,63412.01,0.00012
BINANCE:BTCUSDT,1726833968979,63412.01,0.00118
BINANCE:BTCUSDT,1726833968981,63412.0,0.0059
BINANCE:BTCUSDT,1726833969275,63412.01,8e-05
BINANCE:BTCUSDT,1726833969329,63412.0,0.00191
BINANCE:BTCUSDT,1726833969331,63411.96,0.00119
BINANCE:BTCUSDT,1726833969341,63410.07,0.0001
BINANCE:BTCUSDT,1726833969355,63410.01,0.00012
BINANCE:BTCUSDT,1726833969811,63409.96,0.00046
BINANCE:BTCUSDT,1726833969815,63408.01,0.00012
BINANCE:BTCUSDT,1726833969816,63408.01,0.0003
BINANCE:BTCUSDT,1726833970419,63408.01,0.01565
BINANCE:BTCUSDT,1726833971166,63408.0,0.00111
BINANCE:BTCUSDT,1726833971217,63408.0,0.00459
BINANCE:BTCUSDT,1726833971219,63408.0,0.0001
BINANCE:BTCUSDT,1726833971230,63407.89,0.0001
BINANCE:BTCUSDT,1726833971241,63406.01,0.00012
BINANCE:BTCUSDT,1726833971277,63402.01,0.006
BINANCE:BTCUSDT,1726833971437,63400.01,0.00012
BINANCE:BTCUSDT,1726833971689,63400.01,0.00078
BINANCE:BTCUSDT,1726833971928,63400.01,0.00141
BINANCE:BTCUSDT,1726833971939,63400.01,0.07891
BINANCE:BTCUSDT,1726833971952,63400.01,0.07751
BINANCE:BTCUSDT,1726833973474,63400.01,0.00047
BINANCE:BTCUSDT,1726833973825,63400.0,0.00024
BINANCE:BTCUSDT,1726833973874,63400.0,0.006
BINANCE:BTCUSDT,1726833973877,63400.0,0.0001
BINANCE:BTCUSDT,1726833973888,63399.99,0.00351
BINANCE:BTCUSDT,1726833973949,63399.97,0.00099
BINANCE:BTCUSDT,1726833973951,63399.21,0.00013
BINANCE:BTCUSDT,1726833973952,63399.21,0.0001
BINANCE:BTCUSDT,1726833973967,63398.35,0.0003
BINANCE:BTCUSDT,1726833974254,63398.35,0.00355
BINANCE:BTCUSDT,1726833974845,63396.37,0.00548
BINANCE:BTCUSDT,1726833974848,63396.0,0.00031
BINANCE:BTCUSDT,1726833974852,63395.5,0.0001
BINANCE:BTCUSDT,1726833974859,63395.33,0.0001
BINANCE:BTCUSDT,1726833974865,63395.26,0.0001
BINANCE:BTCUSDT,1726833974867,63395.01,0.00012
BINANCE:BTCUSDT,1726833974869,63395.0,0.00072
BINANCE:BTCUSDT,1726833974870,63395.0,0.00081
BINANCE:BTCUSDT,1726833974881,63394.0,0.006
BINANCE:BTCUSDT,1726833974882,63392.01,0.00014
BINANCE:BTCUSDT,1726833974885,63392.0,0.006
BINANCE:BTCUSDT,1726833974887,63392.0,0.00042
BINANCE:BTCUSDT,1726833974889,63391.12,0.00212
BINANCE:BTCUSDT,1726833974895,63391.11,0.00316
BINANCE:BTCUSDT,1726833974897,63391.11,0.0001
BINANCE:BTCUSDT,1726833974902,63390.77,0.00028
BINANCE:BTCUSDT,1726833975101,63390.01,0.00012
BINANCE:BTCUSDT,1726833975102,63389.99,0.0001
BINANCE:BTCUSDT,1726833975103,63389.09,0.00013
BINANCE:BTCUSDT,1726833975113,63388.25,0.0001
BINANCE:BTCUSDT,1726833975116,63388.01,0.00012
BINANCE:BTCUSDT,1726833975678,63388.01,0.0004
BINANCE:BTCUSDT,1726833975682,63388.0,0.006
BINANCE:BTCUSDT,1726833975687,63386.48,0.0003
BINANCE:BTCUSDT,1726833975688,63386.05,0.00063
BINANCE:BTCUSDT,1726833975693,63386.05,0.00034
BINANCE:BTCUSDT,1726833975694,63386.01,0.00029
BINANCE:BTCUSDT,1726833975718,63386.0,0.006
BINANCE:BTCUSDT,1726833975721,63384.71,0.0001
BINANCE:BTCUSDT,1726833975787,63384.01,0.00054
BINANCE:BTCUSDT,1726833975788,63384.01,0.00054
BINANCE:BTCUSDT,1726833975797,63384.0,0.006
BINANCE:BTCUSDT,1726833975799,63383.73,9e-05
BINANCE:BTCUSDT,1726833975811,63383.72,0.0001
BINANCE:BTCUSDT,1726833975814,63383.44,0.00034
BINANCE:BTCUSDT,1726833975820,63382.01,0.0002
BINANCE:BTCUSDT,1726833975929,63382.01,0.00049
BINANCE:BTCUSDT,1726833975983,63382.0,0.006
BINANCE:BTCUSDT,1726833975986,63381.99,0.0001
BINANCE:BTCUSDT,1726833975994,63381.25,0.0001
BINANCE:BTCUSDT,1726833975998,63380.22,0.0001
BINANCE:BTCUSDT,1726833976012,63380.21,0.00034
BINANCE:BTCUSDT,1726833976013,63380.2,4e-05
BINANCE:BTCUSDT,1726833976047,63380.2,0.01683
BINANCE:BTCUSDT,1726833977262,63380.2,0.00019
BINANCE:BTCUSDT,1726833977323,63380.2,0.00562
BINANCE:BTCUSDT,1726833977333,63380.2,0.0034
BINANCE:BTCUSDT,1726833978117,63380.2,0.00029
BINANCE:BTCUSDT,1726833978173,63380.2,0.0001
BINANCE:BTCUSDT,1726833979093,63380.2,0.00062
BINANCE:BTCUSDT,1726833979744,63380.21,0.0016
BINANCE:BTCUSDT,1726833979898,63380.21,0.00015
BINANCE:BTCUSDT,1726833979976,63380.21,9e-05
BINANCE:BTCUSDT,1726833980321,63380.2,0.00046
BINANCE:BTCUSDT,1726833980560,63380.2,0.00165
BINANCE:BTCUSDT,1726833981078,63380.21,0.00165
BINANCE:BTCUSDT,1726833982317,63380.21,0.00541
BINANCE:BTCUSDT,1726833982319,63383.99,0.00034
BINANCE:BTCUSDT,1726833982329,63384.34,0.00012
BINANCE:BTCUSDT,1726833982342,63384.34,0.00096
BINANCE:BTCUSDT,1726833982353,63384.33,0.0018
BINANCE:BTCUSDT,1726833982355,63384.33,0.00606
BINANCE:BTCUSDT,1726833982461,63384.35,0.0001
BINANCE:BTCUSDT,1726833982463,63384.35,0.00201
BINANCE:BTCUSDT,1726833982478,63385.23,0.0001
BINANCE:BTCUSDT,1726833982497,63385.23,0.0001
BINANCE:BTCUSDT,1726833982499,63385.85,0.0001
BINANCE:BTCUSDT,1726833982515,63386.0,0.00012
BINANCE:BTCUSDT,1726833982526,63387.14,0.00034
BINANCE:BTCUSDT,1726833982580,63387.15,0.00068
BINANCE:BTCUSDT,1726833982650,63387.15,0.00025
BINANCE:BTCUSDT,1726833982669,63387.32,0.0001
BINANCE:BTCUSDT,1726833982687,63387.97,0.00012
BINANCE:BTCUSDT,1726833982707,63387.97,0.00117
BINANCE:BTCUSDT,1726833982814,63387.96,0.001
BINANCE:BTCUSDT,1726833983019,63387.96,0.0003
BINANCE:BTCUSDT,1726833983200,63387.97,0.00012
BINANCE:BTCUSDT,1726833983604,63387.97,0.00017
BINANCE:BTCUSDT,1726833983800,63387.96,0.00689
BINANCE:BTCUSDT,1726833983859,63387.99,0.00012
BINANCE:BTCUSDT,1726833983910,63387.99,0.00439
BINANCE:BTCUSDT,1726833984086,63388.0,0.0001
BINANCE:BTCUSDT,1726833984089,63389.5,0.0001
BINANCE:BTCUSDT,1726833984099,63389.98,0.0001
BINANCE:BTCUSDT,1726833984102,63389.99,0.00012
BINANCE:BTCUSDT,1726833984104,63389.99,0.00012
BINANCE:BTCUSDT,1726833984105,63390.0,0.00018
BINANCE:BTCUSDT,1726833984241,63390.0,0.00566
BINANCE:BTCUSDT,1726833984242,63390.0,0.00034
BINANCE:BTCUSDT,1726833984243,63390.0,0.00034
BINANCE:BTCUSDT,1726833984245,63390.04,0.00157
BINANCE:BTCUSDT,1726833984256,63390.31,0.00012
BINANCE:BTCUSDT,1726833984258,63390.31,0.00012
BINANCE:BTCUSDT,1726833984259,63390.55,0.00012
BINANCE:BTCUSDT,1726833984260,63392.0,0.0003
BINANCE:BTCUSDT,1726833985319,63392.0,0.00157
BINANCE:BTCUSDT,1726833985321,63393.66,0.0003
BINANCE:BTCUSDT,1726833985458,63393.65,0.04081
BINANCE:BTCUSDT,1726833985883,63393.66,0.0001
BINANCE:BTCUSDT,1726833985885,63393.66,0.0001
BINANCE:BTCUSDT,1726833985899,63393.7,0.00145
BINANCE:BTCUSDT,1726833985900,63393.98,0.00012
BINANCE:BTCUSDT,1726833985901,63394.0,0.00011
BINANCE:BTCUSDT,1726833985916,63394.0,0.00077
BINANCE:BTCUSDT,1726833985918,63395.99,0.00013
BINANCE:BTCUSDT,1726833985926,63396.0,0.0016
BINANCE:BTCUSDT,1726833985931,63395.99,0.00304
BINANCE:BTCUSDT,1726833985942,63396.0,0.00357
BINANCE:BTCUSDT,1726833985944,63396.0,0.00308
BINANCE:BTCUSDT,1726833985945,63395.99,0.00032
BINANCE:BTCUSDT,1726833985951,63396.0,0.00074
BINANCE:BTCUSDT,1726833986002,63395.99,0.00134
BINANCE:BTCUSDT,1726833986241,63396.0,0.00349
BINANCE:BTCUSDT,1726833986490,63396.0,0.00051
BINANCE:BTCUSDT,1726833986929,63396.0,0.0078
BINANCE:BTCUSDT,1726833987212,63395.99,0.00042
BINANCE:BTCUSDT,1726833987241,63396.0,0.00567
BINANCE:BTCUSDT,1726833987259,63396.0,0.0008
BINANCE:BTCUSDT,1726833987445,63396.0,0.00479
BINANCE:BTCUSDT,1726833987446,63396.0,0.00048
BINANCE:BTCUSDT,1726833987449,63396.0,0.00032
BINANCE:BTCUSDT,1726833987455,63396.0,0.00043
BINANCE:BTCUSDT,1726833988213,63395.99,0.0016
BINANCE:BTCUSDT,1726833989216,63396.0,0.00203
BINANCE:BTCUSDT,1726833989820,63395.99,0.00013
BINANCE:BTCUSDT,1726833989981,63395.99,0.01008
BINANCE:BTCUSDT,1726833990801,63395.99,0.00567
BINANCE:BTCUSDT,1726833990802,63395.99,0.00153
BINANCE:BTCUSDT,1726833990869,63395.99,0.00224
BINANCE:BTCUSDT,1726833991243,63395.99,0.00749
BINANCE:BTCUSDT,1726833991532,63395.99,0.00031
BINANCE:BTCUSDT,1726833991761,63395.99,0.00053
BINANCE:BTCUSDT,1726833992150,63395.99,0.0001
BINANCE:BTCUSDT,1726833992153,63395.95,0.00012
BINANCE:BTCUSDT,1726833992159,63395.94,0.01066
BINANCE:BTCUSDT,1726833992203,63395.95,0.00092
BINANCE:BTCUSDT,1726833992753,63395.95,0.00072
BINANCE:BTCUSDT,1726833992865,63395.94,0.01227
BINANCE:BTCUSDT,1726833993001,63395.94,0.00074
BINANCE:BTCUSDT,1726833993534,63395.94,0.00149
BINANCE:BTCUSDT,1726833993666,63395.94,0.00624
BINANCE:BTCUSDT,1726833994073,63395.95,0.0065
BINANCE:BTCUSDT,1726833994203,63395.94,0.00045
BINANCE:BTCUSDT,1726833994303,63395.94,0.00023
BINANCE:BTCUSDT,1726833994768,63395.95,0.00045
BINANCE:BTCUSDT,1726833994924,63395.94,0.00023
BINANCE:BTCUSDT,1726833995098,63395.95,0.00083
BINANCE:BTCUSDT,1726833995443,63395.95,0.00283
BINANCE:BTCUSDT,1726833995666,63395.94,0.00625
BINANCE:BTCUSDT,1726833995934,63395.94,0.00773
BINANCE:BTCUSDT,1726833995939,63395.94,0.00773
BINANCE:BTCUSDT,1726833995944,63395.94,0.00773
BINANCE:BTCUSDT,1726833995948,63395.94,0.00773
BINANCE:BTCUSDT,1726833995950,63395.94,0.00773
BINANCE:BTCUSDT,1726833995955,63395.94,0.00773
BINANCE:BTCUSDT,1726833995959,63395.94,0.00773
BINANCE:BTCUSDT,1726833995963,63395.94,0.00773
BINANCE:BTCUSDT,1726833996043,63395.95,0.00625
BINANCE:BTCUSDT,1726833996045,63396.01,0.00012
BINANCE:BTCUSDT,1726833996046,63397.99,0.00012
BINANCE:BTCUSDT,1726833996061,63398.0,0.00012
BINANCE:BTCUSDT,1726833996092,63398.0,0.006
BINANCE:BTCUSDT,1726833996110,63398.1,0.00107
BINANCE:BTCUSDT,1726833996112,63399.14,0.00012
BINANCE:BTCUSDT,1726833996151,63399.16,0.0001
BINANCE:BTCUSDT,1726833996153,63399.74,0.0001
BINANCE:BTCUSDT,1726833996154,63400.29,0.0001
BINANCE:BTCUSDT,1726833996174,63401.75,0.00152
BINANCE:BTCUSDT,1726833996175,63401.75,0.00034
BINANCE:BTCUSDT,1726833996181,63401.75,0.08295
BINANCE:BTCUSDT,1726833996200,63402.0,0.00025
BINANCE:BTCUSDT,1726833996240,63401.99,0.00222
BINANCE:BTCUSDT,1726833996242,63402.0,0.006
BINANCE:BTCUSDT,1726833996244,63402.0,0.0001
BINANCE:BTCUSDT,1726833996254,63403.45,0.0001
BINANCE:BTCUSDT,1726833996273,63403.89,0.00012
BINANCE:BTCUSDT,1726833996275,63403.99,0.00012
BINANCE:BTCUSDT,1726833996492,63404.75,0.00012
BINANCE:BTCUSDT,1726833996496,63406.0,0.00029
BINANCE:BTCUSDT,1726833996516,63407.97,0.00012
BINANCE:BTCUSDT,1726833996519,63407.98,0.00089
BINANCE:BTCUSDT,1726833997592,63407.97,0.00183
BINANCE:BTCUSDT,1726833997661,63407.97,9e-05
BINANCE:BTCUSDT,1726833997722,63407.97,0.03679
BINANCE:BTCUSDT,1726833998025,63407.98,0.00021
BINANCE:BTCUSDT,1726833998698,63407.98,0.00395
BINANCE:BTCUSDT,1726833998756,63407.98,0.00078
BINANCE:BTCUSDT,1726834000609,63407.98,0.00026
BINANCE:BTCUSDT,1726834000701,63407.98,0.00135
BINANCE:BTCUSDT,1726834000813,63407.97,0.00394
BINANCE:BTCUSDT,1726834001410,63407.97,0.04081
BINANCE:BTCUSDT,1726834001414,63407.98,0.00332
BINANCE:BTCUSDT,1726834001418,63408.0,0.0002
BINANCE:BTCUSDT,1726834001435,63407.99,0.01472
BINANCE:BTCUSDT,1726834001526,63407.99,0.00088
BINANCE:BTCUSDT,1726834002007,63408.0,0.00161
BINANCE:BTCUSDT,1726834002267,63408.0,0.00011
BINANCE:BTCUSDT,1726834002270,63408.0,0.006
BINANCE:BTCUSDT,1726834002272,63408.0,0.0001
BINANCE:BTCUSDT,1726834002291,63409.44,0.00012
BINANCE:BTCUSDT,1726834002292,63409.45,0.00012
BINANCE:BTCUSDT,1726834002311,63409.45,0.00034
BINANCE:BTCUSDT,1726834002312,63409.98,0.00032
BINANCE:BTCUSDT,1726834002316,63409.99,0.00012
BINANCE:BTCUSDT,1726834002317,63409.99,0.00012
BINANCE:BTCUSDT,1726834002318,63410.0,0.04683
BINANCE:BTCUSDT,1726834002410,63410.0,0.04683
BINANCE:BTCUSDT,1726834002442,63410.0,0.01889
BINANCE:BTCUSDT,1726834002444,63410.42,0.0052
BINANCE:BTCUSDT,1726834002459,63410.42,0.031
BINANCE:BTCUSDT,1726834002480,63410.42,0.0001
BINANCE:BTCUSDT,1726834002482,63411.89,0.00014
BINANCE:BTCUSDT,1726834002555,63411.88,0.00641
BINANCE:BTCUSDT,1726834003050,63411.88,0.00011
BINANCE:BTCUSDT,1726834003466,63411.89,8e-05
BINANCE:BTCUSDT,1726834004041,63411.89,0.00246
BINANCE:BTCUSDT,1726834004816,63413.95,0.006
BINANCE:BTCUSDT,1726834004913,63413.95,0.00145
BINANCE:BTCUSDT,1726834005002,63413.95,0.00057
BINANCE:BTCUSDT,1726834005261,63413.96,0.0036
BINANCE:BTCUSDT,1726834005765,63413.95,0.03177
BINANCE:BTCUSDT,1726834005976,63413.95,0.00029
BINANCE:BTCUSDT,1726834006160,63413.95,0.10892
BINANCE:BTCUSDT,1726834006228,63413.95,0.078
BINANCE:BTCUSDT,1726834006690,63413.96,0.00034
BINANCE:BTCUSDT,1726834006747,63413.97,0.00026
BINANCE:BTCUSDT,1726834007019,63417.42,0.0007
BINANCE:BTCUSDT,1726834007330,63417.45,0.00034
BINANCE:BTCUSDT,1726834007407,63417.44,0.00825
BINANCE:BTCUSDT,1726834007411,63417.47,0.00297
BINANCE:BTCUSDT,1726834007413,63417.47,0.00089
BINANCE:BTCUSDT,1726834007416,63417.6,0.00034
BINANCE:BTCUSDT,1726834007434,63417.6,0.00034
BINANCE:BTCUSDT,1726834007435,63418.0,0.00012
BINANCE:BTCUSDT,1726834007926,63419.99,0.00012
BINANCE:BTCUSDT,1726834007928,63419.99,0.00012
BINANCE:BTCUSDT,1726834007992,63420.0,0.0001
BINANCE:BTCUSDT,1726834008004,63421.98,0.0001
BINANCE:BTCUSDT,1726834008016,63422.0,0.00028
BINANCE:BTCUSDT,1726834008031,63422.0,0.00163
BINANCE:BTCUSDT,1726834008095,63422.0,0.0015
BINANCE:BTCUSDT,1726834008157,63422.0,0.00659
BINANCE:BTCUSDT,1726834008159,63423.15,0.00219
BINANCE:BTCUSDT,1726834008175,63424.0,0.0002
BINANCE:BTCUSDT,1726834008192,63424.01,0.00586
BINANCE:BTCUSDT,1726834008194,63426.0,0.0003
BINANCE:BTCUSDT,1726834008212,63426.0,0.0077
BINANCE:BTCUSDT,1726834008245,63426.0,0.00069
BINANCE:BTCUSDT,1726834008249,63426.0,0.00531
BINANCE:BTCUSDT,1726834008251,63426.63,0.00034
BINANCE:BTCUSDT,1726834008259,63427.99,0.006
BINANCE:BTCUSDT,1726834008263,63429.89,0.00089
BINANCE:BTCUSDT,1726834008385,63430.0,0.00014
BINANCE:BTCUSDT,1726834008484,63429.99,0.00025
BINANCE:BTCUSDT,1726834008503,63430.0,0.00103
BINANCE:BTCUSDT,1726834008580,63430.0,0.04565
BINANCE:BTCUSDT,1726834008611,63430.0,0.02028
BINANCE:BTCUSDT,1726834008621,63430.0,0.05775
BINANCE:BTCUSDT,1726834008622,63430.0,0.00255
BINANCE:BTCUSDT,1726834008645,63430.0,0.00345
BINANCE:BTCUSDT,1726834008660,63430.0,0.004
BINANCE:BTCUSDT,1726834008662,63430.0,0.0001
BINANCE:BTCUSDT,1726834008673,63430.15,0.0001
BINANCE:BTCUSDT,1726834008684,63430.51,0.0001
BINANCE:BTCUSDT,1726834008685,63432.0,0.00031
BINANCE:BTCUSDT,1726834008856,63433.64,0.00093
BINANCE:BTCUSDT,1726834008857,63433.98,0.00203
BINANCE:BTCUSDT,1726834008858,63434.0,0.00034
BINANCE:BTCUSDT,1726834008860,63434.0,0.00034
BINANCE:BTCUSDT,1726834008877,63434.0,0.00532
BINANCE:BTCUSDT,1726834008895,63434.0,0.00733
BINANCE:BTCUSDT,1726834008897,63435.99,0.00032
BINANCE:BTCUSDT,1726834008953,63436.0,0.0002
BINANCE:BTCUSDT,1726834008955,63436.15,0.0001
BINANCE:BTCUSDT,1726834008956,63437.29,0.00014
BINANCE:BTCUSDT,1726834009057,63438.0,0.00028
BINANCE:BTCUSDT,1726834009090,63437.99,0.00014
BINANCE:BTCUSDT,1726834009113,63437.99,0.00039
BINANCE:BTCUSDT,1726834009171,63438.0,0.006
BINANCE:BTCUSDT,1726834009176,63438.0,0.0001
BINANCE:BTCUSDT,1726834009191,63439.98,0.00023
BINANCE:BTCUSDT,1726834009943,63439.99,0.00016
BINANCE:BTCUSDT,1726834010085,63439.98,0.00157
BINANCE:BTCUSDT,1726834012151,63438.01,0.00541
BINANCE:BTCUSDT,1726834012156,63436.33,0.00081
BINANCE:BTCUSDT,1726834012172,63436.33,0.00034
BINANCE:BTCUSDT,1726834012173,63436.33,0.0003
BINANCE:BTCUSDT,1726834012667,63436.01,0.00161
BINANCE:BTCUSDT,1726834012710,63436.01,0.00012
BINANCE:BTCUSDT,1726834013531,63436.0,0.00157
BINANCE:BTCUSDT,1726834013719,63436.01,0.004
BINANCE:BTCUSDT,1726834014175,63436.0,0.07448
BINANCE:BTCUSDT,1726834014906,63436.0,0.00152
BINANCE:BTCUSDT,1726834015560,63436.01,0.00012
BINANCE:BTCUSDT,1726834016469,63436.01,0.00019
BINANCE:BTCUSDT,1726834017443,63436.0,0.00148
BINANCE:BTCUSDT,1726834018689,63436.01,0.00057
BINANCE:BTCUSDT,1726834018801,63436.0,0.00145
BINANCE:BTCUSDT,1726834018856,63436.0,0.0022
BINANCE:BTCUSDT,1726834018902,63436.0,0.00031
BINANCE:BTCUSDT,1726834019181,63436.01,0.001
BINANCE:BTCUSDT,1726834019707,63436.01,0.00017
BINANCE:BTCUSDT,1726834020113,63436.0,0.00439
BINANCE:BTCUSDT,1726834020116,63434.01,0.00012
BINANCE:BTCUSDT,1726834020192,63432.01,0.02612
BINANCE:BTCUSDT,1726834020844,63432.0,0.0029
BINANCE:BTCUSDT,1726834020862,63431.97,0.0027
BINANCE:BTCUSDT,1726834020864,63431.32,0.00012
BINANCE:BTCUSDT,1726834020874,63430.01,0.00012
BINANCE:BTCUSDT,1726834020889,63430.0,0.00014
BINANCE:BTCUSDT,1726834021470,63430.0,0.00052
BINANCE:BTCUSDT,1726834021702,63430.0,0.00027
BINANCE:BTCUSDT,1726834021837,63429.34,9e-05
BINANCE:BTCUSDT,1726834021862,63429.33,0.00012
BINANCE:BTCUSDT,1726834021863,63428.01,0.00022
BINANCE:BTCUSDT,1726834021931,63428.0,8e-05
BINANCE:BTCUSDT,1726834022333,63426.03,0.0037
BINANCE:BTCUSDT,1726834022334,63408.77,0.006
BINANCE:BTCUSDT,1726834023154,63415.33,0.0789
BINANCE:BTCUSDT,1726834023249,63415.33,0.03535
BINANCE:BTCUSDT,1726834023571,63415.33,0.00035
BINANCE:BTCUSDT,1726834023613,63415.32,0.00023
BINANCE:BTCUSDT,1726834023826,63415.33,0.00024
BINANCE:BTCUSDT,1726834023935,63415.33,0.00026
BINANCE:BTCUSDT,1726834024026,63415.32,0.00018
BINANCE:BTCUSDT,1726834024196,63415.33,0.00034
BINANCE:BTCUSDT,1726834024197,63415.36,0.00034
BINANCE:BTCUSDT,1726834024200,63415.36,0.00066
BINANCE:BTCUSDT,1726834024216,63417.99,0.00012
BINANCE:BTCUSDT,1726834024284,63418.49,0.00394
BINANCE:BTCUSDT,1726834024293,63419.98,0.00012
BINANCE:BTCUSDT,1726834024306,63422.0,0.00028
BINANCE:BTCUSDT,1726834024407,63421.99,0.00038
BINANCE:BTCUSDT,1726834025016,63421.99,0.01051
BINANCE:BTCUSDT,1726834025036,63421.99,0.00065
BINANCE:BTCUSDT,1726834025895,63422.0,0.00018
BINANCE:BTCUSDT,1726834026463,63422.0,0.0016
BINANCE:BTCUSDT,1726834027494,63422.0,0.02374
BINANCE:BTCUSDT,1726834028001,63421.99,0.0006
BINANCE:BTCUSDT,1726834028384,63422.0,0.00013
BINANCE:BTCUSDT,1726834028408,63421.99,0.52758
BINANCE:BTCUSDT,1726834028619,63421.99,0.0016
BINANCE:BTCUSDT,1726834028663,63421.99,0.00126
BINANCE:BTCUSDT,1726834028664,63421.99,0.00126
BINANCE:BTCUSDT,1726834029332,63421.99,0.00235
BINANCE:BTCUSDT,1726834029776,63421.99,0.00046
BINANCE:BTCUSDT,1726834030107,63422.0,0.00013
BINANCE:BTCUSDT,1726834030219,63422.0,0.00417
BINANCE:BTCUSDT,1726834030225,63422.0,0.00525
BINANCE:BTCUSDT,1726834030357,63422.0,0.00145
BINANCE:BTCUSDT,1726834030709,63421.99,0.00015
BINANCE:BTCUSDT,1726834030830,63422.04,0.00149
BINANCE:BTCUSDT,1726834030834,63423.36,0.0001
BINANCE:BTCUSDT,1726834030835,63424.28,0.00685
BINANCE:BTCUSDT,1726834030860,63426.0,0.00151
BINANCE:BTCUSDT,1726834030874,63426.01,0.00151
BINANCE:BTCUSDT,1726834030926,63427.2,0.00315
BINANCE:BTCUSDT,1726834030938,63430.0,0.00012
BINANCE:BTCUSDT,1726834031122,63430.0,0.00708
BINANCE:BTCUSDT,1726834034076,63429.99,0.00225
BINANCE:BTCUSDT,1726834034158,63429.99,0.00786
BINANCE:BTCUSDT,1726834034590,63430.0,0.00016
BINANCE:BTCUSDT,1726834034676,63430.0,0.04682
BINANCE:BTCUSDT,1726834035236,63429.99,0.00011
BINANCE:BTCUSDT,1726834035774,63429.99,0.00473
BINANCE:BTCUSDT,1726834036050,63429.99,0.00236
BINANCE:BTCUSDT,1726834036190,63429.99,0.00097
BINANCE:BTCUSDT,1726834036204,63429.99,0.00013
BINANCE:BTCUSDT,1726834036638,63430.0,0.0002
BINANCE:BTCUSDT,1726834036713,63429.99,0.48144
BINANCE:BTCUSDT,1726834037998,63429.99,0.0013
BINANCE:BTCUSDT,1726834038219,63430.0,0.00085
BINANCE:BTCUSDT,1726834038285,63429.99,0.00394
BINANCE:BTCUSDT,1726834038739,63429.99,0.0004
BINANCE:BTCUSDT,1726834039807,63429.99,0.00177
BINANCE:BTCUSDT,1726834040888,63430.0,0.00016
BINANCE:BTCUSDT,1726834041467,63430.0,0.00469
BINANCE:BTCUSDT,1726834042016,63429.99,0.00055
BINANCE:BTCUSDT,1726834042248,63429.99,0.00086
BINANCE:BTCUSDT,1726834042302,63429.99,0.0043
BINANCE:BTCUSDT,1726834042897,63430.0,0.03073
BINANCE:BTCUSDT,1726834043007,63429.99,0.00628
BINANCE:BTCUSDT,1726834043488,63429.99,0.0014
BINANCE:BTCUSDT,1726834043507,63429.99,0.00018
BINANCE:BTCUSDT,1726834043756,63430.0,0.00759
BINANCE:BTCUSDT,1726834044243,63429.99,0.00677
BINANCE:BTCUSDT,1726834044789,63430.0,0.0002
BINANCE:BTCUSDT,1726834045261,63430.0,0.00013
BINANCE:BTCUSDT,1726834045508,63430.0,0.00062
BINANCE:BTCUSDT,1726834045543,63429.99,0.00063
BINANCE:BTCUSDT,1726834045866,63429.99,0.00061
BINANCE:BTCUSDT,1726834046068,63430.0,7e-05
BINANCE:BTCUSDT,1726834046401,63430.0,0.01436
BINANCE:BTCUSDT,1726834047507,63429.99,0.00013
BINANCE:BTCUSDT,1726834047588,63429.99,0.00031
BINANCE:BTCUSDT,1726834047629,63429.99,0.00022
BINANCE:BTCUSDT,1726834048048,63429.99,0.0001
BINANCE:BTCUSDT,1726834048201,63430.0,0.00039
BINANCE:BTCUSDT,1726834048362,63429.99,0.00024
BINANCE:BTCUSDT,1726834048990,63429.99,0.00395
BINANCE:BTCUSDT,1726834049303,63430.0,0.00024
BINANCE:BTCUSDT,1726834049769,63429.99,0.00659
BINANCE:BTCUSDT,1726834049904,63429.99,0.00033
BINANCE:BTCUSDT,1726834049905,63429.04,0.0001
BINANCE:BTCUSDT,1726834049906,63426.83,0.00034
BINANCE:BTCUSDT,1726834049914,63426.83,0.00034
BINANCE:BTCUSDT,1726834049915,63426.01,0.00034
BINANCE:BTCUSDT,1726834049954,63422.01,0.00018
BINANCE:BTCUSDT,1726834050854,63422.0,0.0021
BINANCE:BTCUSDT,1726834050990,63422.0,0.00395
BINANCE:BTCUSDT,1726834051141,63422.01,9e-05
BINANCE:BTCUSDT,1726834051189,63422.0,0.00398
BINANCE:BTCUSDT,1726834051786,63422.0,0.00023
BINANCE:BTCUSDT,1726834051788,63422.01,0.00023
BINANCE:BTCUSDT,1726834051892,63422.0,0.00023
BINANCE:BTCUSDT,1726834051894,63422.01,0.00023
BINANCE:BTCUSDT,1726834051990,63422.0,0.00313
BINANCE:BTCUSDT,1726834051998,63422.0,0.00023
BINANCE:BTCUSDT,1726834051999,63422.01,0.00023
BINANCE:BTCUSDT,1726834052053,63422.01,0.00031
BINANCE:BTCUSDT,1726834052103,63422.0,0.00023
BINANCE:BTCUSDT,1726834052105,63422.01,0.00023
BINANCE:BTCUSDT,1726834053011,63422.0,0.00029
BINANCE:BTCUSDT,1726834053207,63422.0,0.00184
BINANCE:BTCUSDT,1726834053715,63422.0,8e-05
BINANCE:BTCUSDT,1726834055242,63422.01,0.00106
BINANCE:BTCUSDT,1726834055343,63422.0,0.0004
BINANCE:BTCUSDT,1726834056290,63422.01,0.0001
BINANCE:BTCUSDT,1726834056811,63422.0,0.0002
BINANCE:BTCUSDT,1726834057492,63422.0,0.00055
BINANCE:BTCUSDT,1726834058001,63422.0,0.00064
BINANCE:BTCUSDT,1726834058504,63422.01,0.00283
BINANCE:BTCUSDT,1726834058505,63422.01,0.00208
BINANCE:BTCUSDT,1726834058544,63422.0,0.00302
BINANCE:BTCUSDT,1726834059242,63422.01,0.00189
BINANCE:BTCUSDT,1726834059245,63422.01,0.00153
BINANCE:BTCUSDT,1726834059248,63422.01,0.00049
BINANCE:BTCUSDT,1726834059310,63422.01,0.00099
BINANCE:BTCUSDT,1726834059343,63422.02,0.00052
BINANCE:BTCUSDT,1726834059401,63422.01,0.00372
BINANCE:BTCUSDT,1726834059450,63422.01,0.00042
BINANCE:BTCUSDT,1726834059907,63422.02,0.00063
BINANCE:BTCUSDT,1726834059951,63422.02,0.00013
BINANCE:BTCUSDT,1726834060364,63422.01,0.00015
BINANCE:BTCUSDT,1726834060640,63422.01,0.00024
BINANCE:BTCUSDT,1726834060644,63422.01,0.00035
BINANCE:BTCUSDT,1726834060845,63422.01,0.0016
BINANCE:BTCUSDT,1726834061607,63422.02,0.00021
BINANCE:BTCUSDT,1726834061772,63425.17,0.00012
BINANCE:BTCUSDT,1726834063894,63425.17,0.0004
BINANCE:BTCUSDT,1726834063971,63425.17,0.00049
BINANCE:BTCUSDT,1726834065682,63425.17,0.01446
BINANCE:BTCUSDT,1726834066307,63425.18,0.00211
BINANCE:BTCUSDT,1726834066722,63425.18,9e-05
BINANCE:BTCUSDT,1726834066755,63425.18,9e-05
BINANCE:BTCUSDT,1726834067445,63425.18,9e-05
BINANCE:BTCUSDT,1726834068031,63425.44,0.00012
BINANCE:BTCUSDT,1726834068034,63427.33,0.0001
BINANCE:BTCUSDT,1726834068047,63427.99,0.00012
BINANCE:BTCUSDT,1726834068063,63427.99,0.00027
BINANCE:BTCUSDT,1726834068066,63427.99,0.00012
BINANCE:BTCUSDT,1726834068080,63428.0,0.0002
BINANCE:BTCUSDT,1726834068083,63428.0,0.0001
BINANCE:BTCUSDT,1726834068090,63429.77,0.00187
BINANCE:BTCUSDT,1726834068092,63429.77,0.00124
BINANCE:BTCUSDT,1726834068093,63429.77,0.00137
BINANCE:BTCUSDT,1726834068117,63429.88,0.0001
BINANCE:BTCUSDT,1726834068752,63429.97,0.00012
BINANCE:BTCUSDT,1726834068754,63429.98,0.00012
BINANCE:BTCUSDT,1726834068768,63429.99,0.00073
BINANCE:BTCUSDT,1726834068770,63429.99,0.00012
BINANCE:BTCUSDT,1726834068785,63429.99,0.00012
BINANCE:BTCUSDT,1726834068800,63430.0,0.00733
BINANCE:BTCUSDT,1726834068818,63430.0,0.0047
BINANCE:BTCUSDT,1726834068820,63430.0,0.0001
BINANCE:BTCUSDT,1726834068834,63430.01,0.00018
BINANCE:BTCUSDT,1726834068836,63430.01,0.0001
BINANCE:BTCUSDT,1726834068851,63430.15,0.00044
BINANCE:BTCUSDT,1726834068853,63430.5,0.0001
BINANCE:BTCUSDT,1726834068917,63431.48,0.00011
BINANCE:BTCUSDT,1726834069090,63431.48,0.0004
BINANCE:BTCUSDT,1726834069116,63432.0,0.006
BINANCE:BTCUSDT,1726834069117,63433.41,0.0724
BINANCE:BTCUSDT,1726834069118,63433.41,0.08948
BINANCE:BTCUSDT,1726834069119,63434.0,0.004
BINANCE:BTCUSDT,1726834069123,63436.0,0.01984
BINANCE:BTCUSDT,1726834069124,63436.0,0.041
BINANCE:BTCUSDT,1726834069125,63438.09,0.006
BINANCE:BTCUSDT,1726834069137,63438.09,0.00045
BINANCE:BTCUSDT,1726834069167,63438.09,0.0001
BINANCE:BTCUSDT,1726834069215,63438.09,0.0001
BINANCE:BTCUSDT,1726834069217,63439.0,0.0001
BINANCE:BTCUSDT,1726834069235,63439.37,0.00012
BINANCE:BTCUSDT,1726834069285,63439.38,0.00012
BINANCE:BTCUSDT,1726834069287,63440.0,0.00116
BINANCE:BTCUSDT,1726834069291,63440.0,0.01829
BINANCE:BTCUSDT,1726834069292,63440.0,0.02574
BINANCE:BTCUSDT,1726834069328,63440.0,0.00657
BINANCE:BTCUSDT,1726834069658,63439.99,0.00078
BINANCE:BTCUSDT,1726834070005,63440.0,0.007
BINANCE:BTCUSDT,1726834070006,63440.0,0.012
BINANCE:BTCUSDT,1726834070134,63440.0,0.00963
BINANCE:BTCUSDT,1726834070209,63440.0,0.016
BINANCE:BTCUSDT,1726834070319,63440.04,0.0001
BINANCE:BTCUSDT,1726834070322,63440.63,0.00012
BINANCE:BTCUSDT,1726834070324,63441.48,0.0001
BINANCE:BTCUSDT,1726834070334,63441.49,0.0001
BINANCE:BTCUSDT,1726834070580,63441.99,0.0001
BINANCE:BTCUSDT,1726834070581,63441.98,0.00368
BINANCE:BTCUSDT,1726834070582,63441.99,0.00012
BINANCE:BTCUSDT,1726834070596,63442.0,0.006
BINANCE:BTCUSDT,1726834070598,63442.0,0.0001
BINANCE:BTCUSDT,1726834070606,63443.99,0.006
BINANCE:BTCUSDT,1726834070649,63444.0,0.03052
BINANCE:BTCUSDT,1726834070673,63444.14,0.0001
BINANCE:BTCUSDT,1726834070674,63444.66,0.0001
BINANCE:BTCUSDT,1726834070689,63444.94,0.0001
BINANCE:BTCUSDT,1726834070711,63448.0,0.006
BINANCE:BTCUSDT,1726834070728,63448.0,0.0001
BINANCE:BTCUSDT,1726834070743,63448.64,0.0001
BINANCE:BTCUSDT,1726834070771,63449.54,0.0001
BINANCE:BTCUSDT,1726834070781,63449.98,0.0001
BINANCE:BTCUSDT,1726834070789,63449.99,0.00012
BINANCE:BTCUSDT,1726834070792,63449.99,0.00012
BINANCE:BTCUSDT,1726834070793,63449.99,0.00012
BINANCE:BTCUSDT,1726834070836,63450.0,0.006
BINANCE:BTCUSDT,1726834070838,63450.72,0.0001
BINANCE:BTCUSDT,1726834070840,63450.88,0.0003
BINANCE:BTCUSDT,1726834070854,63452.0,0.006
BINANCE:BTCUSDT,1726834070857,63451.99,0.03755
BINANCE:BTCUSDT,1726834070880,63453.23,0.00254
BINANCE:BTCUSDT,1726834070930,63453.23,0.00666
BINANCE:BTCUSDT,1726834070932,63453.23,0.0001
BINANCE:BTCUSDT,1726834070947,63453.95,0.0037
BINANCE:BTCUSDT,1726834070949,63453.95,0.0001
BINANCE:BTCUSDT,1726834070963,63453.96,9e-05
BINANCE:BTCUSDT,1726834070965,63453.96,0.0001
BINANCE:BTCUSDT,1726834071070,63454.0,0.00286
BINANCE:BTCUSDT,1726834071144,63454.04,0.00101
BINANCE:BTCUSDT,1726834071238,63456.0,0.0002
BINANCE:BTCUSDT,1726834071277,63456.0,0.0179
BINANCE:BTCUSDT,1726834071295,63456.0,0.01283
BINANCE:BTCUSDT,1726834071381,63455.99,0.00126
BINANCE:BTCUSDT,1726834071843,63456.0,0.00309
BINANCE:BTCUSDT,1726834073115,63455.99,0.00046
BINANCE:BTCUSDT,1726834073297,63455.99,0.00788
BINANCE:BTCUSDT,1726834073608,63455.99,0.00637
BINANCE:BTCUSDT,1726834073620,63456.0,0.00052
BINANCE:BTCUSDT,1726834074512,63456.0,0.00033
BINANCE:BTCUSDT,1726834074770,63456.0,0.002
BINANCE:BTCUSDT,1726834074791,63455.99,0.00491
BINANCE:BTCUSDT,1726834074891,63455.99,0.00084
BINANCE:BTCUSDT,1726834075017,63456.0,0.0002
BINANCE:BTCUSDT,1726834075208,63456.0,0.00128
BINANCE:BTCUSDT,1726834075567,63455.99,0.00039
BINANCE:BTCUSDT,1726834075608,63455.99,0.00636
BINANCE:BTCUSDT,1726834075661,63456.0,0.00039
BINANCE:BTCUSDT,1726834075846,63455.99,0.0023
BINANCE:BTCUSDT,1726834075928,63455.99,0.00034
BINANCE:BTCUSDT,1726834075961,63456.0,0.00079
BINANCE:BTCUSDT,1726834075965,63456.0,0.00118
BINANCE:BTCUSDT,1726834076016,63456.0,0.002
BINANCE:BTCUSDT,1726834076259,63455.99,0.0001
BINANCE:BTCUSDT,1726834076271,63456.04,0.00082
BINANCE:BTCUSDT,1726834076273,63456.65,0.00178
BINANCE:BTCUSDT,1726834076274,63457.39,0.00078
BINANCE:BTCUSDT,1726834076277,63458.0,0.006
BINANCE:BTCUSDT,1726834076303,63459.15,0.00379
BINANCE:BTCUSDT,1726834076307,63459.15,0.0018
BINANCE:BTCUSDT,1726834076314,63459.16,0.00034
BINANCE:BTCUSDT,1726834076443,63459.16,0.00045
BINANCE:BTCUSDT,1726834076924,63459.19,0.0001
BINANCE:BTCUSDT,1726834076934,63459.27,0.0001
BINANCE:BTCUSDT,1726834077103,63459.88,0.00035
BINANCE:BTCUSDT,1726834077312,63459.88,0.00034
BINANCE:BTCUSDT,1726834077514,63459.88,0.00127
BINANCE:BTCUSDT,1726834077806,63459.88,0.00751
BINANCE:BTCUSDT,1726834079335,63459.87,0.0063
BINANCE:BTCUSDT,1726834079414,63459.87,0.00107
BINANCE:BTCUSDT,1726834079804,63459.88,0.00016
BINANCE:BTCUSDT,1726834080924,63459.87,0.00065
BINANCE:BTCUSDT,1726834081383,63459.87,0.0015
BINANCE:BTCUSDT,1726834081569,63459.88,0.00076
BINANCE:BTCUSDT,1726834082377,63459.88,0.00601
BINANCE:BTCUSDT,1726834082457,63459.87,0.00115
BINANCE:BTCUSDT,1726834082487,63459.88,0.00031
BINANCE:BTCUSDT,1726834082702,63459.87,0.00049
BINANCE:BTCUSDT,1726834082731,63459.87,0.00179
BINANCE:BTCUSDT,1726834082884,63459.87,0.00034
BINANCE:BTCUSDT,1726834082885,63459.15,0.00028
BINANCE:BTCUSDT,1726834083112,63457.96,0.00699
BINANCE:BTCUSDT,1726834083664,63457.97,0.00643
BINANCE:BTCUSDT,1726834083997,63457.96,0.00054
BINANCE:BTCUSDT,1726834084203,63457.97,0.00031
BINANCE:BTCUSDT,1726834084302,63457.96,0.00193
BINANCE:BTCUSDT,1726834084354,63457.96,0.00033
BINANCE:BTCUSDT,1726834084369,63457.97,0.00414
BINANCE:BTCUSDT,1726834085108,63457.96,0.00342
BINANCE:BTCUSDT,1726834085641,63457.97,0.00128
BINANCE:BTCUSDT,1726834086091,63457.96,0.00013
BINANCE:BTCUSDT,1726834086761,63457.97,0.00011
BINANCE:BTCUSDT,1726834086767,63457.96,0.00831
BINANCE:BTCUSDT,1726834086801,63457.97,0.00022
BINANCE:BTCUSDT,1726834087460,63457.97,0.00039
BINANCE:BTCUSDT,1726834087631,63457.97,0.00034
BINANCE:BTCUSDT,1726834087671,63457.96,0.00017
BINANCE:BTCUSDT,1726834087755,63457.96,0.00029
BINANCE:BTCUSDT,1726834087868,63457.97,0.00257
BINANCE:BTCUSDT,1726834088355,63457.98,0.0001
BINANCE:BTCUSDT,1726834088561,63457.98,0.00024
BINANCE:BTCUSDT,1726834089098,63457.98,0.00154
BINANCE:BTCUSDT,1726834089100,63457.98,9e-05
BINANCE:BTCUSDT,1726834089114,63457.99,0.00012
BINANCE:BTCUSDT,1726834089116,63458.01,9e-05
BINANCE:BTCUSDT,1726834089117,63459.87,9e-05
BINANCE:BTCUSDT,1726834089136,63459.88,9e-05
BINANCE:BTCUSDT,1726834090175,63460.64,0.006
BINANCE:BTCUSDT,1726834090176,63462.0,0.006
BINANCE:BTCUSDT,1726834090177,63463.54,0.13802
BINANCE:BTCUSDT,1726834090178,63464.0,0.006
BINANCE:BTCUSDT,1726834090179,63464.0,0.04
BINANCE:BTCUSDT,1726834090185,63465.54,9e-05
BINANCE:BTCUSDT,1726834090192,63466.0,0.00491
BINANCE:BTCUSDT,1726834090193,63467.24,0.00528
BINANCE:BTCUSDT,1726834090194,63467.24,0.02679
BINANCE:BTCUSDT,1726834090226,63468.95,0.006
BINANCE:BTCUSDT,1726834090227,63468.95,9e-05
BINANCE:BTCUSDT,1726834090233,63469.99,9e-05
BINANCE:BTCUSDT,1726834090234,63469.99,8e-05
BINANCE:BTCUSDT,1726834090238,63469.99,0.00128
BINANCE:BTCUSDT,1726834090252,63469.99,9e-05
BINANCE:BTCUSDT,1726834090253,63470.0,0.00012
BINANCE:BTCUSDT,1726834090305,63469.99,0.00126
BINANCE:BTCUSDT,1726834090306,63469.99,0.00073
BINANCE:BTCUSDT,1726834090370,63469.99,0.00046
BINANCE:BTCUSDT,1726834090840,63470.0,0.00053
BINANCE:BTCUSDT,1726834091510,63469.99,0.00039
BINANCE:BTCUSDT,1726834091619,63470.0,0.00031
BINANCE:BTCUSDT,1726834091643,63470.0,0.00151
BINANCE:BTCUSDT,1726834092313,63469.99,0.00032
BINANCE:BTCUSDT,1726834092605,63470.0,0.00069
